3064 4924
725 244 748 311 8

167 424 289 488 ieotura
310 419 417 487 autam
438 419 511 487 o'um
531 422 638 486 locum
659 425 782 486 mutare
804 440 867 484 non
890 418 1034 504 auderet,
1063 421 1143 484 nihil
1163 420 1310 504 restabat,

169 551 265 616 quam
293 537 329 595 ut
359 532 394 594 in
423 531 484 594 alia
514 530 604 594 verbi
634 526 711 614 φάος
743 529 952 614 explicatione
981 530 1115 594 salutem
1138 533 1310 614 quaereret

167 641 209 706 Et
230 661 265 704 re
287 660 362 705 vera
384 640 517 724 contigit
539 640 578 722 ei,
601 645 636 704 ut
657 639 844 704 sententiam
866 640 1006 722 aliquam
1025 659 1066 702 ex
1082 639 1187 704 verbis
1201 643 1309 724 poetae

169 750 304 831 eliceret,
326 749 391 812 scil.
407 768 480 812 cum
495 744 572 831 φάος
595 767 651 832 per
672 746 855 831 λαμπρότης,
876 746 1012 830 ὀρθότης,
1028 750 1143 831 φρενῶν
1166 751 1308 812 verteret

169 858 292 941 Φρενῶν
316 861 422 921 autem
444 857 484 920 ad
506 854 695 938 λαμπρότης,
727 855 856 939 ὀρθότης
886 856 1024 938 addidit,
1055 862 1090 921 ut
1111 861 1164 939 τῆς
1185 853 1309 939 καρδίας

170 966 234 1030 dici
255 965 467 1048 λαμπρότητα,
498 963 649 1048 ὀρθότητα
672 963 882 1050 significaret:
915 965 1027 1029 eodem
1048 965 1142 1028 modo
1170 965 1221 1028 Pr.
1244 965 1308 1028 489

169 1069 355 1156 ἀποσφαλεὶς
385 1082 499 1156 φρενῶν
528 1072 625 1154 πλανᾷ
658 1072 697 1135 ad
719 1072 816 1154 πλανᾷ
843 1073 959 1156 aliquis
986 1074 1131 1156 apposuit
1158 1068 1207 1133 τὸν
1229 1073 1308 1133 ναῦν.

168 1181 214 1244 Ut
238 1181 409 1265 posteriore
440 1180 510 1243 loco
541 1180 674 1264 scriptor
702 1180 876 1262 proverbe
909 1177 1013 1262 φρένες
1043 1199 1220 1261 synonymo
1241 1181 1309 1249 ναῦς

168 1309 245 1352 usus
268 1293 323 1370 est,
344 1289 390 1350 ita
410 1291 516 1350 nostro
539 1284 725 1369 promptior
747 1305 924 1367 synonymo
948 1284 1053 1370 φρένες
1062 1284 1094 1367 ³).

254 1397 309 1480 Ea,
334 1415 414 1480 quae
436 1395 539 1459 adhue
561 1395 600 1458 do
622 1393 769 1459 Roemeri
791 1395 871 1458 libro
895 1397 1043 1479 exposui,
1070 1397 1106 1459 in
1128 1400 1310 1459 transcursu

167 1507 291 1570 loeutus
314 1504 428 1568 accedo
451 1504 491 1567 ad
512 1503 562 1585 id,
594 1507 718 1587 propter
741 1502 825 1586 quod
847 1504 987 1567 manime
1015 1504 1102 1568 iliius
1131 1523 1209 1586 opus
1231 1503 1310 1566 mihi

167 1613 362 1678 afferendum
384 1617 438 1677 est
483 1611 657 1675 Roemerus
679 1612 764 1674 enim
786 1611 821 1672 in
844 1631 872 1694 p.
887 1611 947 1674 231
973 1631 1007 1675 se
1029 1611 1147 1675 scholia
1169 1611 1309 1675 Alexan-

168 1723 259 1785 drina
282 1727 313 1786 et
333 1720 511 1802 Byzantina
533 1724 775 1805 segregaturum
797 1739 865 1784 esse
888 1720 1061 1803 pollioetur,
1084 1720 1310 1802 utaliquando

169 1830 247 1913 quid
282 1830 399 1893 distent
429 1847 501 1892 aera
533 1828 652 1911 lupinis
687 1833 902 1912 cognoscatur.
957 1826 1049 1903 Quod
1084 1829 1248 1912 negotium
1277 1832 1313 1890 ut
1406 1893 1408 1897 ,

169 1938 321 2021 suscipiat
334 1942 365 2000 et
380 1936 420 1999 ad
435 1935 558 1999 exitum
580 1934 738 2018 perducat,
761 1934 931 1998 admodum
953 1935 1125 2018 optandum
1149 1939 1213 2014 est,
1237 1953 1312 1997 nam

168 2050 200 2109 et
221 2044 261 2108 ad
284 2045 425 2107 oritioam
441 2042 523 2106 ¹inde
544 2043 665 2106 fructus
681 2042 878 2126 redundabit,
901 2042 986 2125 quod
1010 2062 1090 2125 quae
1113 2043 1232 2106 scholia
1246 2041 1312 2123 By-

169 2151 295 2215 zantina
317 2169 385 2215 esse
408 2149 552 2235 agnitum
575 2150 650 2231 erit,
670 2149 770 2212 multo
793 2149 930 2231 cautius,
953 2169 1049 2232 quam
1071 2150 1174 2213 adhue
1194 2151 1312 2212 faotum

131 2267 135 2274 '
170 2261 217 2320 est
247 2274 406 2338 quamque
427 2254 662 2336 Alexandrina,
694 2255 734 2317 ad
769 2259 893 2317 textum
922 2254 1155 2318 emendandum
1183 2254 1313 2318 adhibe·

170 2364 303 2445 buntur,
333 2368 379 2445 et,
407 2363 490 2445 quod
513 2381 568 2446 pro
590 2362 722 2424 historia
747 2366 854 2425 textus
884 2362 1070 2445 optandum,
1101 2363 1231 2426 fortasse
1253 2364 1312 2426 hoo

169 2473 262 2535 modo
293 2471 499 2535 demonstrari
531 2471 661 2554 poterit,
693 2489 770 2533 num
798 2470 1046 2536 innumerabiles
1075 2471 1312 2555 depravationes

169 2586 239 2665 post
260 2579 551 2644 Alexandrinorum
580 2577 709 2641 demum
738 2581 879 2661 tempora
908 2577 943 2640 in
976 2578 1100 2642 oodioes
1121 2580 1313 2663 irrepserint,

169 2708 209 2753 au
232 2707 382 2773 magnam
404 2687 455 2750 vel
476 2687 648 2770 maximam
664 2690 796 2769 *partem
825 2686 890 2748 iam
918 2687 953 2748 in
975 2687 1103 2750 illorum
1125 2686 1313 2770 exemplari-

170 2797 231 2860 bus
264 2795 466 2858 oiroumlatae
498 2793 617 2857 fuerint
625 2791 659 2872 ⁴).
691 2829 733 2838 -
766 2793 873 2876 Atque
905 2795 983 2876 quid
1013 2795 1313 2880 Alexandrinorum,

171 2899 248 2988 quid
269 2903 496 2985 Byzantiorum
518 2903 560 2966 sit
568 2897 607 2985 ⁵),
636 2903 696 2966 hoo
717 2901 873 2967 Roemero
902 2903 1047 2986 relinquo
1077 2904 1312 2988 inquirendum,

243 3207 270 3273 3)
290 3202 511 3258 Ceterumloous
530 3202 640 3256 anullo
660 3203 841 3270 probabiliter
867 3208 980 3256 sanatus
1003 3208 1045 3257 est
1065 3203 1313 3272 (Wilamowitzius,

171 3297 301 3364 magister
321 3311 408 3362 meus,
428 3311 457 3349 se
476 3295 509 3350 de
529 3295 687 3350 coniectura
708 3311 757 3349 sua
776 3295 849 3366 μήδε’
868 3295 893 3347 ἐν
913 3297 969 3366 φάει
988 3295 1091 3368 καρδίας
1108 3296 1235 3350 dubitare
1253 3296 1313 3364 ipae

169 3389 369 3458 pronuntiavit)
388 3403 475 3455 neque
494 3403 559 3456 ego,
582 3387 655 3456 quod
674 3402 840 3454 proponam,
860 3387 956 3442 habeo.
995 3388 1054 3456 Eis,
1076 3404 1145 3456 quae
1165 3405 1250 3456 supra
1268 3404 1313 3444 er-

169 3481 258 3549 posui,
277 3481 346 3534 nihil
365 3481 418 3534 nisi
438 3479 631 3534 auctoritatem
650 3479 748 3533 scholii
766 3478 934 3534 labefactare
954 3482 1035 3535 volni.

242 3573 270 3642 4)
288 3572 389 3627 Weilio
410 3572 518 3639 quidem
536 3573 604 3626 haee
623 3587 668 3626 res
687 3572 742 3624 iam
761 3571 907 3638 explorata
926 3573 1048 3639 videtur,
1068 3574 1114 3641 qui
1133 3573 1161 3626 in
1181 3573 1245 3628 edit.
1265 3575 1313 3628 mi·

169 3667 245 3720 noris
264 3663 436 3734 praefatione
463 3655 528 3732 „eat
548 3665 638 3732 inquit
665 3664 779 3732 „quibua
804 3665 894 3718 oritioi
919 3665 1100 3720 Alexandrini
1126 3666 1169 3720 usi
1188 3674 1251 3721 sunt
1270 3682 1315 3722 ex·

170 3759 303 3826 emplaria
328 3757 432 3824 passim
460 3756 515 3810 iam
543 3755 647 3810 mendis
676 3756 818 3812 laborasse
847 3772 881 3811 ex
909 3758 993 3812 certis
1018 3756 1127 3813 indiciis
1147 3757 1315 3827 colligunt

169 3850 232 3918 Ipse
250 3849 359 3915 librum,
378 3863 431 3916 quo
449 3848 517 3901 haee
532 3849 649 3901 materia
663 3848 691 3901 in
705 3849 861 3903 universnm
880 3856 1057 3916 tractaretur,
1076 3849 1241 3918 investigare
1260 3866 1315 3904 non

170 3941 257 4009 potui.
295 3939 443 4006 Nonnulla,
461 3953 532 4008 qnae
550 3939 604 3991 huc
624 3939 771 4005 pertinent,
790 3939 977 3994 Weckleinins
997 3942 1128 3995 tractavit
1147 3943 1212 4010 (aot.
1227 3957 1284 3996 soe.
1297 3940 1315 3993 l.

170 4034 245 4086 Mon.
266 4031 387 4097 188811,
408 4035 458 4085 327
479 4031 547 4099 τα),
566 4031 614 4085 sed
633 4031 692 4096 ita,
718 4039 748 4085 ut
767 4031 927 4100 plerumque
946 4033 979 4086 de
997 4033 1257 4101 interpolationibus
1276 4033 1315 4089 la·

169 4125 224 4179 tius
243 4124 402 4194 patentibus
422 4123 580 4178 dissereret.

243 4219 272 4287 5)
291 4216 435 4284 Ceteroqui
454 4215 600 4284 nonnulla,
626 4231 695 4283 quae
720 4217 773 4269 huo
791 4214 909 4283 faciunt,
936 4218 991 4272 iam
1014 4218 1129 4288 Freyina
1150 4217 1196 4287 (de
1217 4219 1315 4274 Aeaoh.

171 4310 227 4364 seh.
245 4307 318 4362 Med.
337 4324 364 4377 p.
383 4307 500 4376 25-32)
519 4321 570 4361 neo
588 4323 643 4362 non
660 4303 810 4363 Roemerus
830 4307 890 4377 ipse
911 4309 1095 4378 protulerunt.
