3064 4924
743 337 785 402 25

192 517 315 597 poetam
352 513 503 597 paulatim
539 512 741 576 omissionem
780 514 943 597 augmenti
982 515 1157 579 coercuisse
1198 515 1330 580 minime

193 627 355 688 testantur.

279 732 499 816 Augmentum
519 737 567 796 ter
588 731 677 796 deest
696 732 805 795 formis
819 750 970 815 personae
991 733 1111 818 primae
1134 733 1246 815 (Prcm
1260 734 1333 824 140,

194 840 280 918 Pers.
303 842 375 923 977,
397 840 532 925 Ohceph.
555 842 647 923 418),
677 842 775 906 semel
802 842 960 906 secundae
983 840 1127 927 (Ohceph.
1151 842 1240 926 229),
1271 848 1332 907 ter-

195 951 259 1014 tiae
280 952 315 1014 in
336 951 449 1016 ceteris
471 951 632 1034 exemplis.
1111 943 1115 952 ’

282 1060 500 1145 Augmentum
522 1065 612 1143 poeta
633 1059 806 1142 aequaliter
821 1060 927 1123 omisit
939 1061 975 1122 in
990 1059 1150 1144 diverbiis,
1171 1061 1227 1125 ubi
1249 1060 1336 1125 deest

196 1170 324 1251 nonies,
354 1169 389 1233 in
410 1169 556 1251 canticis,
585 1168 640 1232 ubi
671 1168 835 1251 undecies,
864 1168 899 1230 in
922 1170 1099 1249 systematis
1121 1169 1339 1254 anapaesticis,

199 1278 256 1343 ubi
277 1278 336 1342 bis.

284 1386 357 1451 Non
379 1388 484 1450 omisit
504 1387 539 1450 in
554 1386 659 1451 verbis
673 1387 862 1469 compositis,
883 1388 946 1451 uisi
960 1386 1039 1451 forte
1051 1385 1113 1472 Ag.
1126 1386 1220 1469 1144,
1242 1406 1337 1470 quem

198 1495 304 1560 locum
325 1497 359 1558 in
381 1495 478 1560 dubio
500 1496 696 1579 mliquimus.

287 1602 378 1680 Quod
400 1605 514 1669 totiens
543 1624 585 1669 ex
615 1605 763 1669 historico
791 1609 931 1690 tempere
959 1604 1000 1668 ad
1030 1624 1178 1689 praesens
1206 1606 1338 1689 transiit,

200 1732 264 1777 non
286 1714 523 1796 nunquam·hcc
536 1714 710 1778 instituisse
731 1714 865 1796 videtin,
886 1732 927 1778 ne
947 1714 1063 1778 formas
1084 1717 1254 1799 augmento
1275 1732 1339 1777 non

200 1823 368 1887 instinctas
389 1827 526 1906 poneret
548 1823 585 1886 ct
608 1842 635 1887 e.
658 1844 704 1908 gr.
725 1821 817 1886 Eum¹
841 1823 904 1886 637

373 1985 468 2067 φᾶρος
489 1985 723 2067 περεσκήνωσεν,
747 1983 777 2046 ἐν
801 1982 829 2045 δ’
851 1982 990 2068 ἀτέρμονι

372 2091 474 2154 κόπτει
496 2092 643 2175 πεδήσασ’
666 2088 760 2176 ἄνδρα
782 2090 917 2177 δαιδάλῳ
939 2092 1061 2177 πέπλῳ,

203 2253 259 2317 ubi
280 2249 386 2337 ἔκοψεν
407 2255 483 2338 poni
504 2260 640 2319 metrum
661 2255 800 2338 vetabat,
821 2256 911 2340 κόψεν
934 2260 1025 2339 poeta
1047 2254 1184 2320 scribere
1206 2255 1341 2321 uolebat

203 2361 315 2446 Neque
338 2363 490 2447 dubium,
521 2365 599 2447 quin
620 2364 717 2428 altero
741 2369 810 2427 uino
832 2365 973 2428 locerum
995 2383 1079 2428 nunc
1101 2363 1140 2427 ab
1161 2365 1340 2449 augmentis

203 2491 375 2536 vacuorum
395 2471 574 2555 Aeschylus
602 2492 750 2558 praesens
780 2479 903 2558 tempus
931 2478 1137 2558 usurpaturus
1166 2473 1276 2555 fuerit,
1312 2474 1340 2537 si

203 2601 259 2665 per
279 2585 415 2645 metrum
437 2581 487 2646 vel
518 2583 705 2646 sententiam
734 2581 874 2647 licuisset
902 2583 953 2646 vel
979 2583 1008 2646 si
1036 2600 1182 2665 praesens
1211 2582 1339 2645 omnino

203 2692 238 2754 in
260 2707 322 2754 usu
341 2691 460 2754 fnisset
