3064 4924
757 299 799 369 18

212 475 425 542 accusativum
445 475 567 558 nnus,
600 477 655 559 qn
677 476 809 540 musmo
831 476 1041 560 desideratum
1076 447 1167 544 enus
1188 441 1347 547 coniectu-

211 605 279 650 ram
308 604 372 650 non
401 585 563 649 meliorem
591 585 729 649 reddidit
756 585 972 650 Weckleinius
1000 607 1056 671 pro
1087 586 1158 673 δίψη
1188 608 1264 655 voce
1292 610 1346 676 pe

212 694 309 758 destri
330 691 414 778 δίψος
435 693 659 758 substituenda.
693 692 811 758 Omnes
825 699 940 779 autem,
962 715 1040 779 quas
1059 695 1137 781 dixi,
1159 696 1346 764 offensiones

210 804 289 868 haec
309 803 401 868 lectio
422 822 584 867 removere
605 802 742 867 videtur:

382 911 408 974 εἰ
428 907 550 996 λιμός
534 907 700 998 η’δίψ,
672 933 731 973 esra
751 907 801 972 καὶ
824 909 963 995 λιψουρία

383 1017 457 1106 ἔχει,

209 1131 243 1195 in
266 1149 330 1214 qua
346 1130 444 1195 fames
459 1134 491 1194 et
504 1129 574 1192 sitis
591 1129 639 1207 (=
655 1129 803 1212 appetitio
821 1129 973 1208 alimenti
996 1135 1066 1214 apte
1088 1139 1288 1216 opponuntur
1308 1140 1345 1219 τῇ·

208 1240 314 1324 λιψουρ
318 1238 356 1322 lp,
381 1239 562 1324 praesertim
581 1257 654 1302 cum
671 1238 705 1300 in
727 1239 860 1303 lactente
881 1239 997 1302 famem
1018 1244 1049 1302 et
1071 1240 1157 1304 sitim
1180 1243 1227 1323 (ut
1213 1243 1345 1308 tWeilii

208 1347 359 1412 verbam
380 1365 488 1411 meum
510 1365 601 1410 usum
625 1348 814 1428 convertam)
838 1365 901 1410 non
920 1347 1012 1411 facile
1034 1348 1210 1434 dignoscas.
1247 1351 1296 1417 De
1315 1354 1340 1414 sl

208 1493 250 1504 —
273 1451 331 1518 εἴτε
351 1449 401 1516 καὶ
424 1455 497 1518 uide
514 1454 577 1517 764
595 1453 620 1514 εἰ
637 1451 683 1523 ξὺν
706 1452 847 1538 λοχίταις,
869 1449 933 1516 εἴτε4
949 1452 998 1517 καὶ
1022 1458 1180 1541 μονοστιβῆ
1206 1460 1283 1540 (eod.
1304 1459 1337 1544 ἦε

208 1564 234 1627 εἰ
254 1571 360 1630 autem
375 1569 458 1628 recte
468 1562 642 1644 Turnebus)
665 1568 697 1627 et
718 1562 794 1628 Oed
807 1561 843 1628 R
860 1564 911 1647 91,
931 1566 970 1629 de
993 1563 1018 1626 εἰ
1042 1601 1083 1610 -
1106 1561 1164 1628 εἴτε
1172 1567 1264 1634 Eum.
1278 1570 1338 1633 471

208 1678 240 1740 et
261 1674 323 1738 615
346 1677 377 1738 et
397 1673 459 1758 Ag.
481 1674 543 1737 273
568 1670 634 1752 (ubi
656 1677 740 1737 reete
761 1673 902 1738 Aureus
924 1669 952 1734 εἴ
971 1696 998 1736 τι
1020 1695 1075 1759 pro
1098 1671 1127 1737 εἴ
1145 1698 1177 1738 τε
1200 1680 1343 1764 scripsit).

292 1781 451 1847 Eumon.
475 1783 502 1846 9.

293 1889 465 1956 Schematis
489 1885 547 1952 ἀπό
570 1891 669 1952 κοινοῦ
685 1890 773 1954 varia
789 1908 908 1975 genera
921 1895 996 1955 sunt
1015 1890 1141 1976 aliaque
1162 1891 1340 1978 saepius¹⁰),
1386 1971 1388 1974 ¹

205 1999 268 2063 alia
288 2000 390 2062 rarius
411 1997 624 2062 inveniuntur.
659 1996 839 2081 Rarissima,
860 2000 895 2061 ni
915 1999 1015 2081 fallor,
1036 2018 1074 2063 ea
1095 2006 1170 2066 sunt
1190 2003 1341 2088 exempla,

205 2107 262 2172 ubi
283 2109 317 2172 id
339 2108 487 2190 verbum,
519 2107 604 2191 quod
625 2103 683 2169 ἀπὸ
705 2110 804 2168 κοινοῦ
833 2108 971 2192 positum
993 2114 1053 2193 est,
1088 2111 1123 2173 in
1144 2110 1208 2175 fine
1228 2113 1342 2196 prioris

206 2215 339 2280 membri
374 2217 480 2282 sedem
512 2215 606 2280 habet
642 2219 674 2279 et
702 2216 787 2279 idem
819 2214 1029 2298 subsequente
1065 2216 1217 2300 particula
1246 2241 1279 2280 τε
1307 2221 1342 2283 in

204 2325 359 2410 posterius
386 2323 563 2390 membrum
590 2323 751 2407 abripitur.
802 2321 900 2386 Locos
928 2323 991 2388 huc
1022 2325 1172 2389 facientes
1193 2325 1341 2412 colligam

205 2452 278 2497 curn
300 2434 466 2517 studerem,
486 2432 596 2497 inveni
618 2432 701 2516 apud
722 2429 964 2513 Aeschylum¹¹)
987 2431 1079 2497 Eum.
1103 2432 1138 2496 9:

280 2635 324 2704 10)
342 2633 457 2703 Saepius
471 2649 494 2689 e.
505 2650 544 2704 gr.
560 2635 589 2688 in
600 2632 743 2688 sententiis
760 2631 931 2686 disiunctivis
949 2629 979 2684 τὸ
999 2631 1077 2704 ῥῆμα,
1095 2631 1166 2700 quod
1185 2631 1220 2686 ad
1239 2640 1339 2688 utrum·

204 2743 255 2796 que
274 2727 421 2781 membrum
439 2728 567 2796 pertinet,
582 2733 645 2795 post
664 2723 809 2780 seeundum
820 2723 985 2792 particulam
997 2723 1186 2778 disiunctivum
1198 2724 1337 2780 inseritur.

203 2819 296 2875 Etiam
315 2837 353 2875 vs.
371 2819 437 2875 Eur.
456 2820 529 2874 Med.
548 2822 600 2874 246
628 2819 645 2892 ἢ
673 2818 736 2890 πρὸς
764 2817 835 2890 φίλον
860 2815 940 2889 τιν’ἡ
969 2816 1032 2889 πρὸς
1058 2816 1134 2888 ἠλιιια
1161 2819 1262 2890 τραπείς
1286 2819 1338 2873 hoo

203 2914 282 2970 modo
301 2913 439 2969 emendari
458 2914 555 2982 possit,
574 2913 632 2968 scil
653 2918 684 2966 ut
702 2912 810 2980 legatur

389 3007 405 3080 ἡ
424 3005 487 3079 πρὸς
504 3007 576 3080 φίλον
594 3005 640 3059 τιν’
658 3005 674 3078 ἡ
694 3004 794 3077 τραπεὶς
811 3002 874 3076 πρὸς
891 3002 976 3076 ἥλικα,

204 3101 253 3158 sed
270 3101 372 3156 rectius
389 3098 742 3155 fortusseWilamouitzius
761 3097 845 3166 (anal.
865 3097 931 3150 Eur.
951 3111 977 3164 p.
988 3096 1052 3164 206)
1072 3110 1131 3149 eum
1152 3097 1187 3151 ab
1205 3094 1337 3164 Euripide

203 3191 378 3247 abiudicavit.
416 3188 556 3257 Utcunque
574 3202 619 3243 res
638 3203 667 3242 se
686 3187 777 3253 habet,
797 3185 930 3254 Agathias
950 3183 1124 3252 (Anth.Pa1.
1144 3185 1168 3239 V
1187 3186 1262 3256 aab:

388 3280 484 3356 ηϊθόοις
501 3279 549 3335 οὐκ
566 3280 617 3334 ἔστι
635 3280 708 3338 τόσος
725 3279 814 3341 πόνος,
834 3276 943 3336 όππόσος
961 3277 1023 3350 ἡμῖν

386 3382 441 3435 ταῖς
461 3372 631 3447 άταλοψόχοις
649 3372 724 3446 ἔχραε
741 3370 905 3444 θηλυτέραις·

388 3475 440 3542 roi:
459 3469 503 3539 μὲν
521 3468 568 3539 γὰρ
586 3467 703 3538 παρίασιν
722 3465 849 3538 όμήλιιιις,
867 3463 905 3524 οίς
922 3465 954 3520 τό
974 3466 1094 3541 μερίμνης

387 3561 463 3631 ἄλγεα
483 3559 618 3632 μυθεῦντοιι
636 3557 761 3632 φθέγματι
779 3556 924 3630 θαρσαλέῳ,

386 3654 486 3725 παίγνιά
502 3653 525 3706 τ’
544 3654 694 3725 άμφιόπουσι
712 3653 856 3725 παρήγοροι,
873 3653 917 3705 οιαὶ
935 3651 992 3706 κατ’
1011 3653 1095 3723 ἀγυιὰς

387 3747 521 3810 πλάζονται
537 3767 567 3820 γρ
568 3747 665 3819 αφίδων
685 3747 804 3819 χρώμασι
823 3743 988 3816 ρεμβόρινοι·

386 3840 488 3913 ripis&
507 3840 564 3895 sote
582 3842 645 3913 φάος
663 3839 771 3894 λεύσσειν
791 3836 870 3908 θέμις,
890 3838 953 3892 ἀλλὰ
974 3837 1106 3911 μελάθροις

387 3933 560 4008 πρυπτόμιθα,
578 3935 745 4006 ζοφιραῖςρ
712 3952 745 4005 φρ
747 3931 822 3985 οντίσι
840 3930 980 4004 τηκόμενοι
998 3963 1031 3971 -

201 4043 241 4084 vs.
261 4030 313 4082 246
330 4027 430 4096 legisse
448 4035 475 4081 et
494 4042 539 4096 ea,
570 4041 639 4096 quae
656 4024 804 4094 Euripides
823 4024 857 4079 de
882 4023 1036 4080 infelicibus
1055 3989 1215 4093 coniugibus
1234 4024 1341 4079 dixerat

201 4136 241 4176 vs.
260 4123 414 4187 alt-247,
443 4119 477 4175 sd
497 4119 632 4175 infelicem
651 4118 864 4174 adolescentium
883 4124 911 4172 et
930 4117 1064 4186 uirginum
1083 4133 1201 4172 amorem
1221 4124 1341 4172 transtu·

205 4211 271 4268 lissa
289 4212 404 4268 videtur.

275 4306 320 4376 ll)
341 4305 460 4376 Ghoeph.
480 4307 533 4362 813
551 4305 630 4360 νόιιτα
653 4304 701 4378 πρό
726 4303 748 4356 τ’
769 4301 894 4373 ὀμμάτων
915 4303 1004 4357 σκότον
1023 4304 1091 4376 φάρει
1117 4301 1274 4357 mendosum
1301 4300 1339 4354 vi-

204 4398 286 4455 detur
303 4407 379 4456 recte
395 4399 545 4460 iudicatum
561 4415 630 4456 esse.

1508 1231 1510 1310 l
