3064 4924
779 231 820 294 38

224 403 469 492 transpositione
491 402 587 470 etiam
608 402 727 470 idcirco
750 421 828 488 opus
850 407 906 488 est,
928 406 964 470 ut
985 399 1021 468 σὸ
1043 403 1078 470 in
1099 403 1191 470 initio
1223 401 1417 470 enuntiati

225 515 335 582 sedem
356 512 470 578 habeat
491 511 539 594 (cf.
561 513 596 576 in
618 516 708 578 textu
732 509 807 596 αὐτὴ
831 508 867 574 σδ
890 559 898 578 .
920 519 956 596 .).

316 623 408 688 269.
452 619 513 704 ἐγὼ
537 617 571 720 δὲ
603 617 654 685 σὺν
685 619 805 705 ἐμαυτῷ
838 617 948 692 ἀλλους
971 616 992 691 ς’
1027 669 1033 686 .
1057 618 1321 692 ..ἀντιστάτας
1349 617 1415 690 τοῖς

116 767 120 774 ·
228 728 381 816 πολεμίοις
402 730 567 814 ποιίησομαι
589 723 689 792 (ἐπί)
711 727 775 800 ταῖς
798 725 872 794 ἑπτά
894 726 1009 800 πόλεις.
1054 727 1102 792 ἐπί
1124 729 1254 795 addidi.

315 840 401 905 315.

419 943 472 1018 τάς
496 942 529 1008 δὲ
550 943 772 1032 κεχειρωμένας
794 941 938 1027 ἀγεσδαι,

420 1050 436 1114 ἒ
458 1049 488 1132 ἔ,
512 1049 580 1123 νέας
602 1072 634 1114 τε
655 1046 705 1113 καί
727 1046 857 1121 παλαιὸς

421 1158 548 1244 ἱππηδὸν
572 1154 734 1242 πλοκάμων
758 1209 765 1223 .
788 1208 796 1224 .
819 1208 825 1222 .

232 1265 359 1352 ἱππηδὸν
381 1264 584 1351 πλοκάίμωνὶ·
614 1265 740 1351 ἱππηδὸν
765 1263 906 1348 ἄγεσθαι,
931 1264 987 1329 eae
1012 1265 1124 1330 ἱππέων
1147 1265 1312 1351 σύρεσθαι
1338 1270 1402 1328 τῶν

227 1375 390 1461 πλοκάμων
415 1375 489 1460 μετά
511 1373 660 1460 ἀνάγκης·
692 1371 822 1459 καὶγὰρ
854 1375 881 1436 οἱ
908 1371 993 1437 ἵπποι
1027 1372 1142 1460 ἀνάγκη
1165 1372 1220 1439 τινὶ
1245 1375 1399 1438 ἕπονται.
1496 1440 1497 1443 ¹

228 1485 336 1550 Verba
358 1482 414 1547 ὑπὸ
441 1483 552 1548 ἱππέων
577 1482 682 1568 πόμτ.
658 1485 748 1546 τ.πλ
772 1485 936 1548 continent
922 1485 1181 1568 tcogitationem
1204 1485 1399 1550 ridiculam

230 1612 374 1677 quaeque
397 1611 438 1657 ne
459 1593 597 1676 ineptiae
620 1591 749 1675 quidem
772 1590 958 1654 scholiastae
980 1591 1130 1675 imputari
1152 1611 1244 1675 posse
1273 1591 1398 1656 videa-
1495 1622 1497 1691 γ

228 1706 288 1765 tur.
343 1701 478 1767 Accedit
464 1689 596 1784 tquod
631 1697 757 1782 ἱππηδὸν
801 1696 987 1762 adverbium
1027 1717 1095 1764 esse
1128 1703 1161 1763 et
1193 1699 1395 1784 significare

234 1808 353 1874 »instar
375 1827 548 1891 equorum«
567 1808 662 1873 etiam
677 1807 864 1891 posteriores
879 1806 1024 1871 homines
1040 1807 1123 1870 docti
1138 1809 1392 1892 perspexerunt,

231 1936 367 2000 quorum
389 1934 472 1980 unus
494 1915 529 1978 in
550 1915 598 1980 Μ0
621 1911 746 1997 δίκην
735 1937 829 1977 ιππων
859 1913 1021 1978 adnotavit
1008 1914 1091 1995 t(cf.
1115 1916 1210 1980 etiam
1232 1915 1290 1982 Su.
1319 1915 1390 1978 438

231 2023 377 2106 ἱππηδὸν·
401 2025 442 2094 ὡς
463 2019 573 2104 ἵππον).
625 2022 724 2087 Scrib.
742 2019 831 2086 τόπον
854 2019 951 2086 ἵππων
975 2022 1026 2103 (do
1048 2022 1222 2088 adverbiali
1246 2043 1386 2090 accusa»

230 2129 289 2194 tiri
311 2124 400 2190 τόπον
423 2147 484 2193 usu
506 2128 690 2192 auctoritate
712 2126 805 2211 Papii
826 2128 926 2209 nitor,
957 2127 1013 2210 qui
1035 2127 1126 2191 illum
1156 2147 1220 2192 non
1244 2130 1387 2213 quidem

231 2236 386 2320 exemplis
409 2235 598 2319 comprobat,
620 2240 653 2300 at
674 2254 767 2321 saepe
789 2234 870 2320 apud
888 2235 1075 2319 posteriores
1097 2237 1263 2321 scriptores
1286 2240 1384 2303 inve-

230 2344 293 2408 niri
315 2343 498 2424 confinnot).
520 2377 562 2388 -
584 2343 712 2408 Peleius
734 2342 797 2408 duo
819 2343 938 2407 scholia
959 2345 1111 2408 secernit:
1134 2342 1261 2428 ἱππηδὸν
1284 2397 1292 2412 .
1315 2395 1356 2430 ,1.
1376 2391 1383 2408 .

230 2447 392 2534 πλοκάμων
416 2455 448 2515 et
470 2449 637 2534 (ἱππηδὸν)
662 2447 736 2533 μετοὶ
759 2447 899 2534 ἀνάγκης,
923 2447 973 2513 καὶ
988 2447 1045 2536 γάρ
1063 2452 1124 2514 κτλ.
1159 2452 1260 2518 Immo
1277 2454 1382 2520 verba

229 2554 319 2620 τόπον
341 2553 438 2619 ἵππων
462 2603 469 2618 .
495 2603 502 2618 .
527 2605 534 2619 .
558 2555 690 2640 ἀνάγκης
719 2558 893 2642 respiciunt
922 2559 962 2623 ad
991 2558 1212 2643 κεχειρωμένας
1243 2557 1380 2643 ἄγεσθαι

213 2664 358 2749 ,ἱππηδὸν
390 2663 551 2750 πλοκάμων
588 2662 725 2748 (ἱππηδὸν
755 2663 917 2748 πλοκάμων
941 2671 973 2732 οἱ
995 2664 1127 2750 ἱππηδὸν·
1145 2665 1275 2750 ἄγεσθαι
1295 2671 1379 2736 falsa

229 2776 377 2840 lemmata
399 2775 502 2856 sunt);
537 2769 645 2836 καί
610 2796 668 2856 γαρ
689 2775 751 2835 κτλ
782 2778 837 2837 aut
838 2793 889 2838 em
919 2775 1087 2839 scholiasta
1116 2776 1253 2859 addidit,
1224 2777 1377 2862 tquod

229 2902 294 2946 non
317 2881 444 2965 ἱππηδὸν
468 2885 500 2946 et
532 2877 714 2964 πλοκάμων,
750 2881 806 2946 sed
840 2880 966 2965 ἱππηδὸν
996 2888 1028 2947 et
1053 2826 1273 2968 κεχειμωμένάς
1306 2889 1376 2952 arte

230 2990 404 3054 coniunxit

319 3098 409 3162 359.
453 3093 503 3159 καὶ
527 3094 585 3180 μὴν
607 3093 730 3166 αὐτὸςό
747 3091 913 3180 Ἐτεοκλῆς
936 3094 1093 3182 ἐπείγεται,
1115 3097 1315 3184 ἀκουσόμενος
1337 3097 1377 3164 τά

229 3202 311 3291 παρά
292 3206 385 3267 ατοῦ
408 3201 536 3286 ἀγγέλου
559 3200 754 3288 λεγομενα,
738 3227 780 3275 ως
803 3206 896 3266 ταῦτα
916 3202 1025 3288 ἀρτίως
1044 3203 1264 3376 ἀκουσόμενος.
1289 3208 1374 3286 Quc-

228 3311 322 3375 modo
346 3310 518 3376 editores
503 3333 545 3378 ως
575 3310 657 3398 ferre
680 3309 850 3393 potuerint,
881 3309 961 3376 mihi
983 3315 1210 3396 opertum,
1148 3318 1196 3376 est
1232 3318 1375 3397 atas-per

227 3424 297 3484 tum
323 3439 380 3503 pro
415 3438 451 3482 eo
478 3414 529 3479 καί
560 3393 776 3503 reponendum
799 3436 876 3482 esse
920 3419 1016 3489 dcet
1003 3416 1091 3484 ἱκαὶ
1121 3439 1214 3505 saepe
1241 3421 1372 3488 confim-

231 3526 356 3592 duntur

319 3635 338 3698 3
351 3633 370 3695 6
383 3633 411 3696 1.

425 3735 540 3822 σπουδὴ
565 3735 599 3800 δὲ
620 3735 670 3800 καί
693 3738 773 3802 τοδδ’
797 3737 851 3802 οὐκ
872 3738 1028 3825 ἀπαρτίζει
1050 3741 1138 3822 πόδα,

232 3851 343 3916 schol:
373 3842 521 3931 ἡτοότου
545 3842 578 3908 δὲ
601 3844 716 3931 σπουδὴ
741 3843 824 3910 οὔπω
846 3846 929 3920 τέλος
952 3847 1025 3934 ἔχει,
1049 3848 1116 3911 ἀλλ’
1138 3849 1295 3933 ἐπείγεται.
1332 3853 1371 3920 Et

228 3959 324 4024 verba
346 3961 456 4042 poetae
477 3960 508 4019 et
529 3955 657 4022 insolita
687 3962 722 4020 ut
749 3957 783 4019 in
814 3958 932 4022 scholio
961 3958 1132 4043 pauculae
1155 3958 1188 4021 δέ
1210 3961 1369 4028 collocatio

231 4063 340 4132 ante
326 4087 345 4144 η
370 4061 527 4127 excidisse
549 4057 635 4125 καὶἱ
622 4060 812 4126 testificatur.
845 4062 1025 4126 EtiamA
1015 4084 1049 4127 in
1072 4065 1263 4130 scholiot
1213 4070 1263 4130 oet
1262 4069 1369 4150 eroqui

230 4176 295 4239 toto
318 4171 405 4236 coelo
427 4171 552 4258 diverso
575 4171 656 4234 hanc
677 4170 861 4254 particulam
881 4170 1010 4236 exhibet
997 4169 1176 4254 δγέοικεδὲ,
1201 4172 1285 4259 φησὶ,
1308 4172 1368 4238 καί

209 4277 251 4343 δ
275 4276 401 4364 ἀγγελος
423 4276 456 4340 ἐκ
478 4300 531 4360 της
553 4274 629 4362 ἀγαν
652 4275 882 4363 ἐπιραινομένης
904 4281 1035 4365 σπουδῆς
1056 4281 1130 4362 κτλ.)
