3064 4924
727 301 747 364 6

159 478 303 540 censeret
324 475 364 539 de
384 474 493 540 formis
514 475 633 540 Ionicis
655 475 690 538 in
712 475 820 538 codice
842 474 1041 540 exstantibus
1062 480 1229 560 postquam
1251 477 1307 541 de·

158 584 353 666 monstravit,
374 583 449 647 inde
472 603 491 647 a
512 603 541 668 p.
564 583 627 646 215
650 603 723 647 oum
745 584 808 647 alia
830 584 991 667 exposuit,
1013 587 1097 666 tum,
1119 584 1204 668 quod
1226 584 1306 648 mihi
1378 585 1381 589 ’

160 689 316 776 probavit,
356 691 455 754 fuisse
483 689 775 754 Alexandrinorum
812 690 1006 774 temporibus
1035 691 1221 775 completam
1255 691 1307 755 vel

161 817 261 884 paene
283 798 469 882 completam
483 797 661 863 fabularum
673 797 924 878 Aeschylearum
938 797 1151 882 paraphrasim
1175 801 1214 883 (p.
1226 799 1305 862 225:

160 907 231 971 Aua
253 906 325 970 dem
346 906 454 970 bisher
470 905 691 991 Angefiihrten
715 905 819 968 diirfte
841 924 898 968 zur
908 904 1042 989 Geniige
1065 907 1213 989 erhellen,
1235 906 1308 970 dass

160 1017 206 1079 im
227 1015 387 1078 Altertum
411 1013 487 1093 (scil.
509 1018 623 1097 tempp.
644 1011 947 1092 Alexandrinorum)
978 1013 1094 1077 einmel
1116 1014 1168 1077 die
1190 1012 1307 1079 Stiicke

162 1125 218 1188 des
247 1121 426 1202 Aeschylus
457 1141 530 1186 num
561 1120 765 1206 Gegenstand
803 1120 1023 1204 eingehenden
1057 1119 1221 1186 Studiums
1251 1141 1308 1207 ge,

163 1231 268 1295 macht
289 1228 420 1292 wurden
444 1277 498 1292 ...
521 1229 588 1293 und
610 1229 682 1293 dass
710 1247 744 1292 es
766 1228 883 1292 eininai
906 1228 978 1292 eine
999 1228 1209 1313 vomtandige
1231 1229 1308 1293 oder

163 1339 245 1404 doch
266 1338 412 1403 ziemlich
441 1337 652 1422 vollstiindige
674 1337 867 1420 Paraphrase
895 1337 1001 1401 seiner
1022 1336 1138 1402 Stiioke
1150 1330 1308 1423 'gegeben

162 1447 237 1529 hat),
258 1449 366 1529 postea
388 1450 510 1527 autem,
540 1464 611 1509 oum
635 1445 670 1507 in
693 1443 817 1508 codices
839 1444 1130 1528 transscriberetur,
1152 1450 1308 1510 retextam

165 1573 234 1620 esse
258 1554 296 1639 (p.
320 1555 394 1636 229)
419 1559 451 1619 et
472 1552 636 1638 permultis
665 1551 743 1614 locis
773 1552 901 1615 omnino
924 1552 1058 1635 perisse,
1089 1553 1221 1637 reliquis
1243 1572 1308 1618 ser·

164 1663 273 1724 vatum
296 1677 364 1723 esse
386 1660 573 1742 plerumque
595 1655 676 1719 nihil
700 1656 762 1719 nisi
785 1654 913 1740 singula
934 1674 1035 1739 eaque
1056 1656 1188 1722 disiecta
1210 1676 1309 1722 mem·

164 1766 221 1831 bra
243 1768 282 1850 (p.
305 1768 379 1850 230,
400 1767 494 1849 231),
527 1764 643 1849 quibus
671 1764 766 1828 etiam
797 1764 920 1848 glossae
942 1769 1083 1830 servatae
1106 1766 1309 1831 ascribendas

164 1880 270 1940 essent
292 1876 331 1960 (p.
353 1875 446 1956 229),
480 1875 574 1939 etiam
599 1872 858 1956 explicationum,
882 1892 960 1955 quas
980 1871 1201 1938 Alexandrini
1215 1893 1308 1959 saepe

165 1983 406 2067 paraphrasibus
427 1983 495 2046 suis
516 1981 724 2063 addidissent,
753 1979 906 2064 plurimas
929 1999 1091 2064 oppressas
1112 1999 1180 2046 esse
1202 2003 1222 2046 a
1242 1982 1308 2064 By-

163 2091 286 2174 zantiis,
307 2089 550 2174 sapientioribus
572 2087 634 2152 sibi
655 2085 879 2170 interpretibus
902 2105 970 2150 esse
986 2087 1071 2151 visis.
1087 2125 1127 2134 -
1151 2088 1204 2152 Ad
1225 2109 1309 2172 quae

165 2197 397 2282 comprobanda
418 2197 580 2279 nonnulla,
602 2213 683 2279 quae
705 2196 773 2279 ipse
790 2195 909 2276 inveni,
932 2195 1078 2279 exempla
1093 2195 1237 2277 afferam3
1263 2203 1309 2262 at·

167 2324 228 2389 que
252 2305 336 2388 quod
365 2306 406 2368 ad
436 2305 638 2389 paraphrases
669 2307 777 2386 postea
805 2301 952 2366 disiectas
974 2303 1100 2385 attinet,
1131 2305 1205 2370 vide
1228 2325 1308 2389 quae

166 2414 250 2478 infra
270 2414 311 2478 ad
332 2414 395 2478 soh.
418 2411 500 2497 Sept
525 2414 565 2475 12
589 2415 796 2495 exponentur,
817 2409 856 2474 de
879 2410 1006 2475 scholiis
1027 2411 1062 2474 in
1084 2410 1213 2477 brevius
1235 2433 1309 2477 oon-

166 2522 273 2586 traotis
294 2522 329 2584 in
351 2522 409 2584 hos
430 2521 537 2604 relego
560 2520 662 2584 locos:

255 2626 339 2692 Sch.
361 2627 465 2691 Eum
488 2628 562 2690 537
592 2623 750 2710 δυσσεβίας
781 2621 832 2708 μὲν
856 2623 939 2710 ὕβρις
960 2623 1044 2696 τέκος
1065 2626 1106 2696 ὡς
1128 2623 1244 2709 ἐτύμως
1265 2664 1308 2674 -

166 2756 253 2802 nunc
274 2741 371 2801 restat
390 2737 545 2800 scholium
568 2733 650 2820 ὕβριν
673 2737 822 2816 γεννῶσα,
851 2733 907 2798 sed
929 2733 1099 2817 aliquando
1121 2735 1190 2798 sine
1213 2735 1309 2799 dubio

166 2846 300 2929 amplior
319 2845 372 2910 bic
391 2845 556 2929 legebatur
578 2842 788 2928 paraphrasis,
810 2840 901 2905 cuius
923 2841 1101 2907 subiectum
1123 2844 1223 2926 eratb
1241 2844 1311 2906 δυσ-

167 2951 279 3038 σέβεια.

254 3060 309 3126 Se.
332 3060 412 3124 218
434 3059 469 3124 in
490 3060 554 3125 soh.
586 3077 642 3143 pro
664 3061 701 3142 τῇ
723 3055 839 3139 γυναικί
860 3061 953 3122 antea
973 3059 1082 3141 procul
1104 3059 1201 3124 dnbio
1223 3061 1310 3146 lege-

167 3169 261 3234 batur
282 3163 327 3230 ool
351 3165 394 3245 δέ,
417 3175 454 3251 τῇ
475 3165 600 3248 γυναικί,
623 3163 750 3249 πρέπει.
770 3187 795 3228 .:
825 3165 1051 3247 Weckleinius,
1074 3167 1193 3249 quiex
1216 3169 1310 3234 schol.

167 3276 202 3342 'm
217 3279 308 3341 textu
323 3269 376 3336 σοὶ
400 3274 426 3336 δ’
450 3271 487 3336 αὖ
510 3273 712 3338 scribendum
728 3291 796 3338 osse
812 3273 911 3355 docet,
932 3292 997 3336 non
1013 3278 1060 3338 est
1074 3275 1309 3341 audiendus.-

254 3382 360 3448 Eum.
378 3382 453 3445 666
476 3382 642 3464 γεννήσειεν
666 3400 707 3446 ex
729 3380 895 3463 γεννήσειεν
918 3375 952 3442 ἄν
975 3402 1017 3451 τις
1039 3382 1220 3446 mutilatum
1242 3403 1310 3450 esse

168 3491 297 3557 Paleius
318 3496 402 3556 recte
425 3491 521 3572 vidit3
553 3491 703 3574 deceptus
725 3494 830 3553 autem
852 3487 971 3553 scholio
992 3490 1136 3554 mutilato
1158 3490 1310 3557 Wiesele-

168 3619 224 3665 rus
246 3600 280 3664 in
303 3599 413 3664 ordine
436 3598 618 3681 verborum,
649 3597 705 3662 ubi
726 3598 833 3661 omnia
862 3603 947 3662 recte
969 3616 1003 3662 se
1024 3597 1143 3663 habent
1165 3600 1213 3680 (cf.
1236 3600 1310 3666 Eur.

168 3707 222 3774 Or.
245 3710 264 3774 5
287 3757 317 3772 ..
340 3703 410 3769 ἄνευ
441 3703 475 3768 δὲ
502 3704 612 3791 πατρὸς
642 3703 741 3768 τέννον
773 3702 827 3767 οὐκ
857 3701 902 3788 εἴη
931 3704 996 3768 ποτ’
1019 3701 1085 3787 ἄν),
1116 3725 1173 3790 pro
1203 3706 1309 3789 γένοιτ’
1341 3694 1343 3702 ’

168 3812 266 3878 scribi
286 3811 380 3878 iussit
400 3810 530 3893 petrae.
1344 3815 1347 3820 '

257 3919 348 3984 Alias
370 3919 513 3985 eiusdem
535 3918 663 4004 generis
685 3915 897 4000 correptiones
911 3918 977 3981 iam
987 3917 1121 4000 Freyius
1135 3919 1185 4000 (de
1195 3920 1309 3987 Aesob.

169 4024 232 4088 sch.
255 4022 349 4104 Med.)
372 4044 400 4107 p.
423 4025 444 4086 4
466 4043 511 4107 sq.
534 4022 646 4088 auum
669 4054 712 4064 —

255 4129 352 4195 Recte
373 4132 408 4194 in
431 4131 541 4195 eadem
573 4133 660 4215 parte
684 4129 722 4211 (p.
745 4126 808 4190 216
832 4129 888 4210 sq.)
918 4128 1012 4191 homo
1046 4128 1246 4196 doctissimus
1276 4133 1310 4198 in

170 4257 224 4304 eos
246 4238 416 4320 invehitur,
439 4239 494 4320 qui
517 4237 707 4301 scholiorum
729 4235 913 4300 auctoritate
935 4235 1006 4299 freti
1029 4236 1224 4304 coniecturas
1240 4259 1311 4324 pro-

170 4346 301 4412 tulerint
324 4347 358 4409 in
383 4347 484 4430 locos,
506 4346 623 4429 quibus
645 4343 831 4408 scholiastae
854 4343 918 4407 iam
939 4343 1024 4407 idem
1046 4343 1199 4432 legerint,
1229 4349 1314 4433 quod
