3064 4924
760 265 802 330 40

210 435 245 504 δέ
267 487 275 503 .
300 485 307 502 .
333 485 340 502 .
364 437 578 526 animorum,
612 437 697 525 quod
727 438 822 505 etiam
852 457 938 504 nunc
965 441 1070 524 tueor,
1102 433 1137 503 σύ
1169 434 1202 502 δέ
1232 437 1294 523 μετ’
1319 435 1355 505 ού

209 545 296 614 πολύ.

683 724 858 810 Supplices.

298 868 384 931 174.
431 862 485 928 οὐκ
507 861 730 950 εύαπολύγητος
759 862 860 946 ἔσται,
895 863 1002 951 φησίν,
1033 865 1110 930 ὅταν·
1133 867 1213 952 ἡμᾶς
1242 866 1357 953 παρίδῃ

209 972 433 1057 ἀπολλυμένους
456 974 668 1055 (afflictos).
701 975 764 1040 Pro
781 973 871 1061 ρησύν
895 979 1020 1062 propter
1042 976 1124 1059 ἡμᾶς
1145 976 1238 1041 scrib.
1253 975 1329 1061 φασί
1349 1023 1356 1039 .

296 1082 386 1147 320.
428 1077 468 1144 Ὁ
491 1077 655 1166 Εὐριπίδης
686 1081 772 1146 πέντε
803 1080 878 1169 φησὶ
908 1084 1018 1154 παῖδας
1051 1079 1126 1148 εἶναι
1154 1081 1259 1169 Βήλου
1289 1086 1354 1148 κτλ.

210 1190 368 1277 pertinent
389 1190 430 1255 ad
452 1185 554 1273 Βῆλον
579 1188 703 1254 δίπαιδα
725 1192 797 1256 321.

295 1299 391 1364 358.

403 1403 464 1488 ὁρῶ
487 1401 624 1467 κλάδοισι
644 1404 817 1488 νεοδρόποις
838 1401 997 1468 κατάσκιον

307 1571 310 1578 .
400 1510 499 1574 νέονδ’
523 1511 624 1596 ὅμιλον
647 1512 735 1575 τῶνδ’
759 1498 895 1595 ἀγωνίων
918 1513 1009 1576 θεῶν.

208 1619 310 1684 Schol.
335 1619 397 1704 ὁρῶ
421 1620 523 1703 ὅμιλον
553 1619 633 1683 θεῶν
657 1619 800 1704 έστεμμέν
813 1644 864 1684 ων
889 1619 1056 1707 ἱκετηρίαις.
1114 1621 1152 1686 In
1183 1624 1274 1686 textu
1306 1626 1354 1686 est

208 1729 302 1793 lectio
327 1747 402 1793 vera
423 1727 597 1809 κατάσκιον,
629 1749 725 1814 quam
746 1730 855 1816 procul
877 1730 974 1796 dubio
996 1731 1091 1795 etiam
1113 1731 1280 1795 scholiasta
1299 1731 1354 1794 ha·

208 1835 285 1901 buit.
331 1835 432 1922 Atqui
454 1837 525 1920 ille,
560 1837 637 1922 quid
659 1834 757 1899 νέονθ’
780 1836 842 1902 sibi
864 1838 959 1902 vellet
979 1857 1053 1906 non,
1066 1857 1194 1921 curans,
1218 1841 1353 1921 praeter·

102 1961 106 1966 ·
208 1965 303 2029 quam
327 1944 411 2030 quod
434 1944 530 2010 simul
550 1941 662 2015 κλάδος
685 1965 741 2029 per
765 1943 897 2029 ἱκετηρία
919 1951 951 2010 et
971 1942 1139 2026 κατάσκιον,
1162 1951 1198 2010 ut
1219 1947 1283 2010 348
1298 1965 1352 2030 per

209 2051 458 2136 πεπληρωμένος,
482 2073 569 2117 nunc
591 2072 646 2137 per
668 2071 881 2134 synonymum
902 2052 1080 2138 ἐστεμμένος
1104 2055 1205 2138 veslit,
1227 2053 1353 2139 singula

207 2160 304 2225 verba
335 2160 492 2245 quomodo
522 2159 697 2224 ordinanda
727 2164 831 2226 essent
860 2160 1001 2226 iudicare
1032 2162 1139 2226 voluit
1187 2159 1283 2225 Unde
1304 2179 1351 2224 re·

208 2270 404 2336 stituendum
427 2270 553 2333 videtur
574 2265 775 2351 ἐστεμμένον.

294 2380 385 2442 888.
430 2373 472 2448 εἷς
507 2373 580 2461 ύπέρ
610 2380 668 2438 τῶν
702 2372 871 2457 Αἰγυπτίων
905 2372 1073 2460 πρεσβεύοι.
1129 2375 1241 2460 Neque
1280 2394 1351 2440 cum

209 2483 402 2548 Schwerdtio
425 2479 599 2567 πρεσβεύων
623 2481 825 2547 scribendum
848 2500 951 2565 neque
975 2501 1047 2545 cum
1059 2479 1249 2546 Oberdickio
1264 2481 1351 2545 scho-

210 2589 290 2652 lium
313 2587 353 2651 ad
375 2607 420 2651 vs,
443 2588 506 2651 890
530 2588 686 2671 ροτέίυοτυ
708 2586 883 2671 putandum
905 2589 967 2666 θεέ,
990 2605 1065 2649 nam
1088 2586 1166 2668 quid
1187 2586 1232 2649 ita
1253 2585 1352 2649 lucra·

208 2695 303 2760 mur?
348 2693 511 2760 Sententia
533 2694 707 2778 aequaliter
728 2712 787 2758 nec
809 2712 872 2756 non
895 2693 1052 2776 optativus
1070 2691 1223 2777 paihcula
1246 2689 1280 2756 ἄν
1303 2713 1353 2756 ca-

207 2823 281 2869 rens
303 2803 473 2888 aliquando
495 2804 587 2867 iuxta
609 2821 653 2865 vs.
678 2801 740 2864 735
875 2801 877 2806 ’
1022 2865 1025 2870 ,

342 2907 424 2992 (ἴσως
447 2907 504 2996 γὰρ
526 2913 546 2993 ἢ
572 2910 627 2990 (its
648 2907 701 2988 M.)
725 2904 819 2991 κῆρύξ
841 2909 894 2989 τις)
917 2909 937 2990 ἢ
960 2905 1076 2992 πρέσβη
1102 2907 1189 2990 μόλοι

207 3021 288 3085 illud
311 3019 496 3084 collocatum
517 3017 616 3083 fuisse
638 3016 860 3080 demonstrant.
900 3015 999 3080 Porro
1021 3035 1077 3100 pro
1099 3012 1269 3097 Αἰγυπτίων
1291 3016 1351 3100 leg.

210 3127 419 3212 Αἰμυπτιαδῶν
445 3127 492 3207 (cf.
515 3127 577 3190 sch.
601 3125 652 3208 81,
675 3124 752 3206 651,
776 3124 848 3207 758,
871 3124 943 3206 782,
965 3124 1049 3203 832).

299 3235 392 3300 964.
436 3230 492 3318 πρὸ
516 3229 573 3317 γάρ
595 3236 648 3313 τῆς
671 3227 818 3315 εὑρέσεως
849 3232 900 3292 τού
933 3225 1011 3292 οἴνου
1043 3232 1129 3293 τούτο
1161 3230 1277 3316 ἐξεῦρον
1300 3228 1352 3294 Αἰ-

213 3343 339 3427 γύπτιοι.
385 3339 503 3424 λέγεται
526 3335 559 3402 δὲ
583 3335 750 3422 μεθύσκειν.
804 3336 892 3414 Quae
922 3343 1068 3425 corrupta
1089 3343 1170 3403 sunt.
1214 3338 1352 3406 Hartun·

209 3451 283 3538 gius
306 3453 338 3514 et
358 3444 577 3514 Weckleinius
607 3443 809 3510 coniecerunt
830 3443 885 3508 ille
907 3441 969 3525 λέγ.
994 3443 1019 3505 δ.
1046 3441 1127 3526 μέθυ
1149 3443 1278 3528 κριθῶν,
1301 3445 1352 3509 hic

208 3560 235 3622 l.
259 3558 285 3618 δ.
312 3555 388 3639 μέθυ
411 3552 552 3638 κρίθινον.
589 3551 670 3617 Mihi
692 3551 859 3617 scholiasta
881 3570 922 3618 ex
944 3571 978 3616 se
1001 3551 1195 3636 quaesivisse
1218 3554 1352 3636 videtur,

209 3686 266 3731 cur
288 3669 380 3749 poeta
412 3663 451 3728 da
481 3663 540 3727 hcc
573 3666 648 3746 potu
670 3660 843 3725 hordeaceo
865 3661 899 3725 id
922 3659 1103 3745 usurpasset
1122 3680 1257 3747 nomen,
1291 3683 1352 3748 quc

210 3774 321 3838 vinum
343 3772 421 3837 alias
443 3767 617 3855 significari
640 3768 771 3853 soleret,
804 3773 836 3832 et
865 3769 1044 3853 scripsisse:
1080 3768 1199 3852 λέγεται
1221 3768 1255 3834 δέ
1277 3773 1352 3854 (scil.

87 3953 91 3960 ,
214 3881 253 3946 ab
276 3879 434 3961 Aeschylo
457 3877 508 3944 vel
530 3877 625 3944 etiam
647 3895 667 3942 a
687 3876 774 3963 rege)
799 3873 876 3961 μέθυ
899 3874 975 3941 <ascl
996 3874 1029 3940 τὸ
1052 3875 1156 3962 μεθύ>
1179 3901 1267 3944 οκειν.

302 3986 425 4051 1005.
469 3979 501 4048 τύ
526 3981 615 4048 εἰπεῖν
641 3983 771 4070 μυσαρύν
794 4005 821 4048 τι
842 3981 919 4048 κατά
940 3989 998 4049 τῶν
1024 3983 1114 4064 ξένων
1138 3985 1270 4073 εὐχερῶς
1294 3988 1375 4072 (-έςΙ

211 4096 309 4177 Vico.)
334 4092 410 4156 ἐστιν
433 4093 549 4158 referas
573 4110 688 4178 quaeso
711 4091 751 4159 ad
774 4093 936 4178 sequentis
958 4114 1067 4160 versus
1090 4096 1186 4162 verba
1207 4097 1240 4158 τά
1262 4097 1288 4159 τ’
1309 4097 1352 4158 εἰ-

215 4201 278 4265 πεῖν
303 4195 421 4272 εὐπετές
445 4193 587 4285 μύσαγμά
610 4223 682 4271 πως.
719 4196 807 4264 Kosa
829 4203 886 4263 τῶν
912 4199 999 4272 ξένων
1022 4205 1058 4287 is,
1081 4205 1136 4288 qui
1158 4205 1235 4269 haec
1257 4207 1352 4290 scrip-

211 4312 261 4396 sit,
284 4327 325 4376 ex
349 4307 378 4373 έν
403 4303 530 4394 μετοίκῳ
555 4307 638 4377 loeo
661 4309 825 4397 supplevit.
