3064 4924
766 315 807 379 13

214 480 343 569 βάλλειν,
368 481 546 570 ἀμφίβολος,
571 485 748 572 ἀμφιβόλως
771 508 827 572 pro
845 488 1046 571 »dubitare«,
1072 487 1262 575 ‚dubiusos
1281 491 1359 556 »du-

211 591 283 656 bio«
309 593 400 656 dixit
444 591 654 658 Scribondum
684 614 753 660 osso
775 595 922 659 existimo
955 593 1141 680 ἀμφιλόγως.
1186 597 1272 662 Pors.
1296 599 1358 662 906

170 743 173 750 -
209 702 260 763 νῦν
284 699 311 761 δ’
329 698 383 762 οὐκ
405 699 602 785 ἀμφιλόγως.
621 750 653 782 .,
679 704 736 767 ubi
758 704 928 768 deteriores
951 704 1020 768 odd.
1042 704 1230 791 ἀμφιβόλως.
1274 705 1359 792 sept

212 809 276 872 794
298 807 510 891 ἀμφιλέκτωςῖ
533 812 778 896 superscriptum
800 810 1008 897 ἀμφιβόλωςᾳ
1033 853 1038 864 ·

297 914 439 1002 Suppl.
464 918 557 982 226:

364 1023 426 1088 ΔΑ.
448 1021 567 1110 Ἑρμῆς
590 1025 636 1088 ὅδ’
659 1023 749 1098 ἄλλος
771 1027 860 1090 ταῖσιν
881 1023 1039 1112 Ἑλλήνων
1062 1029 1171 1112 νόμοις.

362 1131 430 1198 XO.
454 1134 624 1220 ἐλευθέραις
645 1158 695 1198 νυν
718 1132 814 1199 ἐσθλὰ
835 1135 1035 1220 κηρυκευέτω.
1104 1187 1106 1192 .

213 1239 300 1316 Quae
322 1242 504 1327 scholiasta,
537 1249 722 1308 construens
742 1239 860 1328 Ἑρμῆς
892 1243 944 1306 ὅδε
966 1245 1056 1307 ταῖσιν
1075 1241 1234 1329 Ἐλλήνων
1256 1247 1357 1332 νόμοις

213 1343 302 1419 ἄλλος
327 1348 443 1432 (ἐστίν),
476 1350 655 1416 adnotavit:
690 1352 731 1421 ὡς
760 1355 818 1414 τῶν
841 1348 1012 1432 Αἰγυπτίων
1042 1348 1142 1423 ἄλλως
1165 1352 1261 1418 αὐτῶν
1285 1355 1358 1437 (Ro-

210 1455 289 1520 bort
312 1453 411 1536 αὐτόν)
435 1458 620 1542 γραφόντων,
644 1460 751 1543 inepta
773 1464 862 1523 sunt:
892 1479 966 1523 nam
989 1460 1067 1543 quid
1090 1462 1201 1526 attinet
1223 1462 1359 1528 Graecos

211 1561 407 1628 Meroun'um
429 1565 521 1630 alitor
542 1570 638 1650 atquo
658 1566 835 1650 Aegyptios
856 1566 980 1652 fingere
1001 1568 1090 1632 dici?
1143 1569 1246 1634 Immo
1268 1567 1358 1642 ἄλλος

210 1672 271 1736 hoo
295 1672 365 1737 looo
394 1673 475 1736 nihil
507 1673 689 1759 significare
715 1679 817 1759 potest
843 1675 908 1738 nisi
933 1675 1049 1739 »aiter«
1082 1677 1133 1740 vol
1158 1678 1354 1743 »secundus«
1402 1727 1405 1732 -

213 1783 246 1843 et
268 1779 528 1866 coniungendum
550 1787 599 1846 ost
619 1801 692 1847 oum
715 1781 782 1846 aas:
806 1783 843 1847 of.
867 1801 892 1846 o.
915 1803 961 1867 gr.
984 1781 1070 1846 Pors.
1095 1783 1156 1847 767

409 1887 516 1972 Μήδας
538 1885 596 1974 γάρ
617 1889 654 1974 ήν
678 1889 696 1952 ό
716 1894 832 1974 πρῶτος
854 1889 976 1974 ήγεμὼν
1000 1893 1135 1974 στρατοῦ,

407 1992 497 2068 ἄλλος
520 1995 548 2059 δ’
570 1996 685 2060 ἐκείνου
707 1999 776 2070 παῖς
798 1998 861 2061 τόδ’
884 1995 969 2082 ἔργον
991 1997 1115 2082 ἤνυσεν,

211 2100 267 2165 ubi
282 2097 372 2173 ἄλλος
387 2105 575 2170 vertendum
596 2107 662 2171 auls
678 2107 731 2172 ein
746 2107 888 2190 andoror,
910 2106 963 2170 oin
975 2107 1133 2190 zwoiter‹‚
1155 2112 1186 2171 ot
1198 2105 1280 2191 Sept„
1292 2107 1354 2172 411

405 2211 491 2294 γίγας
514 2211 560 2274 ὅδ’
583 2210 682 2296 ἄλλος,
704 2217 756 2276 τοῦ
779 2211 872 2298 πάρος
894 2212 1074 2296 λελεγμένου

406 2319 525 2403 μείζων,
548 2323 569 2386 i.
593 2342 618 2387 o.
644 2324 757 2408 »gigas
781 2323 848 2403 (ost)
871 2323 925 2386 hic
945 2322 1032 2405 altor,
1054 2323 1156 2387 maior
1177 2341 1232 2407 eo,
1261 2344 1356 2408 quom

211 2430 303 2490 annua
325 2429 525 2511 nominavi;‹
556 2431 734 2511 (scholiasta
755 2431 832 2495 falso
855 2427 939 2512 γίγας
962 2449 1037 2494 oum
1059 2426 1149 2501 ἄλλος
1170 2433 1358 2518 coniungit).

212 2571 255 2581 —
277 2533 407 2603 Danaus
428 2539 538 2623 igitur,
559 2544 725 2624 postquam
746 2538 832 2603 filiae
854 2557 896 2602 ox
918 2557 955 2603 eo
978 2539 1204 2622 quaesiverunt
1226 2540 1330 2620 (223):

404 2645 458 2709 τίν’
481 2647 531 2711 οὖν
553 2647 707 2731 κικλήσκω
729 2647 824 2710 τῶνδε
847 2646 996 2729 δαιμόνων
1020 2643 1077 2723 ἔτι;
1205 2655 1210 2664 “

210 2753 347 2836 primum
376 2755 560 2841 Neptunum
592 2757 670 2821 dicit
699 2756 775 2840 (ὁρῶ
807 2754 937 2840 τρίαιναν
969 2754 1074 2837 τήνδε,
1107 2754 1229 2838 σημεῖον
1252 2754 1354 2840 θεοῦ),

210 2860 325 2926 deindo
347 2863 452 2928 vorbis
475 2862 521 2926 ὅδ’
544 2861 635 2935 ἄλλος
659 2883 694 2929 so
717 2865 846 2930 alterius
869 2864 937 2945 dei,
969 2880 1064 2947 quom
1086 2861 1126 2927 ab
1148 2863 1212 2927 illis
1234 2865 1355 2929 cultum

208 2969 294 3052 volit,
315 2971 509 3035 montionem
530 2971 633 3036 fauore
654 2973 782 3037 indicat
814 2970 895 3035 Tum
917 2965 1151 3054 ααιαωἛρμῆς
1173 2977 1355 3055 corruptum

209 3091 277 3137 osso
299 3074 334 3136 in
356 3075 534 3160 propatulo;
571 3081 603 3140 ot
624 3095 665 3140 no
687 3095 766 3160 opus
788 3075 917 3159 quidem
940 3079 996 3157 ost,
1018 3079 1054 3137 ut
1075 3074 1154 3138 dous
1175 3075 1357 3140 nominetui

209 3179 256 3259 (of.
280 3180 372 3264 224),
404 3182 482 3266 quin
505 3182 616 3266 onam,
651 3182 735 3266 quod
766 3181 854 3246 addit
881 3179 1159 3262 Wilamowitzius,
1190 3200 1232 3245 no
1253 3186 1356 3266 potest

208 3288 337 3370 quidem
359 3286 489 3355 Danaus
511 3295 547 3354 ut
567 3291 747 3376 Aegyptius
770 3289 959 3354 denomino
982 3289 1050 3370 doi,
1073 3307 1168 3372 quom
1190 3295 1351 3372 monstrat,

207 3394 382 3480 quidquam
405 3396 603 3481 exploratum
623 3399 755 3479 habero,
783 3402 829 3462 est
851 3401 957 3461 autom
980 3414 1058 3480 opus
1079 3400 1205 3481 proptor
1225 3415 1354 3483 rospon-

207 3523 278 3568 sum
301 3505 406 3588 chori,
438 3509 474 3568 ut
501 3505 579 3570 deus
601 3507 764 3590 praeconis
785 3523 918 3568 munero
937 3503 1035 3588 iungi·
1060 3504 1189 3568 dioaun.
1212 3535 1262 3552 -·
1291 3505 1354 3584 Qui

207 3629 291 3675 unus
313 3611 416 3676 adhuc
442 3613 549 3677 locum
570 3613 716 3696 tentavit,
746 3611 977 3694 Wooneinius,
1005 3610 1204 3676 scholiastam
1227 3619 1353 3678 secutus

202 3712 321 3803 Ἑρμῆς
336 3725 369 3784 et
384 3719 436 3782 ὅδε
458 3721 625 3805 copulavit,
645 3722 781 3786 roioions
802 3725 909 3785 autum
929 3720 1069 3804 ineptam
1091 3719 1179 3784 iliius
1199 3721 1352 3806 interpro-

205 3828 356 3892 tationem
372 3847 427 3912 pro
443 3827 533 3890 τοῖσιν
556 3829 718 3913 proposuit
738 3828 868 3911 παμπόςε
890 3828 944 3892 oui
958 3846 1023 3890 non
1038 3828 1190 3913 astipulor
1204 3829 1352 3914 primum,

205 3936 291 4018 quod
323 3934 376 3996 ὅδε
405 3940 437 3999 ot
457 3931 547 4006 ἄλλος
569 3937 792 4021 coniungenda
813 3941 904 4019 sunt,
937 3936 1068 4020 deindo,
1099 3956 1194 4020 quam
1223 3957 1351 4004 oausam

204 4043 304 4109 dobeo
326 4043 588 4128 Wilamowitzio,
621 4045 707 4128 quod
728 4043 835 4110 vorbis
863 4040 985 4113 ἄλλος
1007 4039 1123 4124 πομπὸς
1146 4045 1241 4109 etiam
1266 4045 1351 4130 Nep·

203 4151 300 4212 tunus
331 4165 443 4232 praeco
475 4166 543 4212 osso
575 4149 739 4214 dicerouu.
794 4148 864 4234 Ego
896 4149 932 4211 in
963 4148 1056 4211 initio
1086 4167 1197 4225 vorsus
1233 4168 1350 4233 repono

203 4256 304 4339 κῆρυξ,
326 4255 411 4340 quod
432 4256 709 4341 interpretamento
726 4257 934 4342 superscripto
953 4249 1071 4339 Ἑρμῆς
1091 4256 1259 4339 expulsum
1281 4276 1350 4322 osso

203 4367 281 4450 puto
312 4362 360 4444 (oi
384 4363 450 4426 224
471 4363 524 4426 τοῦ
548 4361 757 4448 Ποσειδῶνος).
