3064 4924
725 368 766 432 lo

309 540 401 605 λιπὼν
427 538 585 625 δὲλίμνην
610 540 722 625 Δηλίαν
745 565 777 604 τε
798 538 926 627 χοιράδα
929 543 1072 628 ‚.Agam
1096 543 1159 607 594

307 647 429 735 φράζων
454 648 565 714 ἀλωσιν
584 647 726 714 ίλίοοτ’
749 649 918 732 ἀνάστασιν,
941 651 995 717 eh.
1018 653 1059 716 39

308 757 482 844 μέμφεσθαι
504 755 571 830 τοὺς
593 761 648 842 γάς

304 866 408 952 νέρθεν
430 865 604 952 περιθύμως

227 1041 231 1052 ,
305 976 365 1047 τοῖς
389 975 528 1040 κτανοῦσί
550 977 575 1039 τ’
595 976 734 1060 ἐγκοτεῖν,
758 978 842 1062 apud
862 977 1047 1062 Euripidem
1068 977 1184 1042 Phoen.
1208 979 1272 1042 284

309 1087 432 1168 μαντεῖα
455 1082 549 1168 σεμνά
571 1085 677 1156 Λοξίου
700 1085 726 1147 τ’
749 1084 796 1148 ἐπ’
820 1083 950 1171 ἐσχάρας
973 1093 1004 1152 et
1024 1086 1091 1171 Iph.
1113 1087 1151 1150 A.
1175 1086 1239 1150 210

304 1194 464 1276 αἰγιαλοῖσι
486 1192 567 1280 παρά
589 1218 620 1258 τε
642 1192 810 1280 κροκάλαις,
834 1196 918 1281 apud
929 1196 1103 1260 Pindarum
1113 1194 1261 1277 Pytnvl
1274 1194 1314 1257 15

305 1298 391 1386 πατρί
413 1311 472 1388 τεῷ
494 1351 500 1365 .
526 1351 533 1364 .
558 1350 565 1364 .
590 1300 689 1366 κοινάν
712 1325 745 1364 τε
766 1305 854 1386 γενεᾷ
875 1309 907 1367 εί
926 1302 993 1368 XII
1016 1304 1036 1367 9

306 1408 547 1496 ilocupletior<
570 1409 627 1474 ὑπό
648 1412 676 1474 τ’
698 1408 839 1483 ἀπλάτοις
862 1409 956 1496 ὀφίων
979 1410 1137 1495 κεφαλαῖς.

260 1517 419 1585 Flumen.
442 1521 525 1585 351.

553 1655 561 1669 .
585 1655 592 1669 .
617 1654 624 1668 .
649 1655 656 1668 .
681 1605 752 1669 οὐδέ
773 1630 815 1678 τις
837 1602 899 1669 ἐστί

345 1713 510 1800 συνδαίτωρ
533 1712 722 1800 μετάκοινος·

281 1833 284 1840 “
345 1821 523 1889 παλλεύκων
547 1821 580 1886 δὲ
602 1823 721 1887 πέπλων

344 1927 468 2016 ἀμοιρος
490 1928 618 2015 ἄκληρος
641 1929 782 2015 ἐτάχθην.

174 2037 211 2102 In
235 2039 426 2123 antistropha
448 2060 639 2125 quamquam
652 2035 729 2109 Ζεὺς
744 2034 801 2123 γάρ
820 2034 1079 2121 αἱματοσταγὲςίῖ)
1103 2037 1213 2101 vitiata
1232 2040 1314 2119 sunt

174 2151 281 2212 tamen
302 2146 452 2231 ἀξιόμισον
475 2146 561 2219 ἔθνος
583 2149 652 2211 τόδε
674 2147 785 2230 λέσχας
806 2148 1020 2233 integritatem
1041 2165 1182 2212 servasse
1204 2145 1314 2209 viden·

173 2260 238 2335 tor3
263 2257 348 2341 quod
369 2258 455 2323 idem
476 2278 549 2323 cum
571 2258 741 2324 dicendum
763 2259 805 2322 sit
825 2257 864 2322 de
882 2256 1047 2341 strophicis
1062 2255 1167 2320 verbis
1181 2251 1314 2316 παλλεύ-

173 2386 234 2426 κων
259 2361 292 2426 δὲ
313 2363 449 2445 πέπλων,
481 2367 652 2432 verisimile
675 2373 723 2431 est
744 2386 797 2448 ea,
825 2383 906 2449 quae
927 2365 1002 2429 inde
1025 2384 1044 2429 a
1064 2360 1237 2452 παλλεύκων
1261 2382 1313 2441 ιω-

174 2490 236 2555 que
259 2472 299 2536 cd
320 2470 451 2557 ἐτύχθην
475 2475 634 2559 leguntur,
655 2475 688 2537 in
711 2475 843 2537 formam
864 2472 1040 2536 hexametri
1062 2470 1210 2552 dactylici
1230 2469 1314 2534 redi·

174 2581 287 2664 gendo,
309 2581 338 2644 h.
351 2600 377 2646 e.
400 2602 456 2666 pro
478 2578 600 2665 ἄμοιρος
621 2600 774 2667 paeonem
796 2581 924 2645 tertium
940 2581 996 2664 qui
1011 2580 1127 2645 dicitur
1147 2579 1315 2643 restituen-

175 2687 252 2752 dum
274 2707 351 2753 esse
394 2689 569 2755 Hominum
592 2690 763 2772 doctorum,
785 2691 840 2773 qui
863 2689 984 2753 adhoc
1006 2687 1092 2752 idem
1114 2686 1314 2752 efficiendum

163 2776 368 2861 'coniecturas
392 2797 604 2881 protulerunt,
626 2798 720 2882 primi
741 2797 820 2860 mihi
841 2797 998 2861 refutandi
1020 2800 1095 2862 sunt
1114 2795 1314 2876 Fritzschius,

174 2901 327 2988 Weilius,
357 2904 584 2970 Weckleinius
635 2905 826 2970 Fritzschius
857 2906 943 2970 enim
979 2904 1091 2970 ductus
1126 2904 1245 2969 scholio
1273 2902 1314 2966 ad

173 3031 234 3076 vss.
257 3013 375 3079 3530t
397 3015 461 3079 354
483 3016 616 3100 ascripto
639 3013 773 3099 οὐδαμοῦ
797 3013 909 3077 όποοὲ
894 3012 982 3099 ἑορτὴ
1003 3011 1053 3076 καί
1076 3012 1232 3098 ἀμπεχόνη
1255 3035 1312 3075 κοι-

173 3117 315 3204 θαρά’
275 3145 398 3206 παρειμι
428 3143 483 3208 pro
512 3120 635 3208 ἄμοιρος
666 3124 867 3190 scribendum
889 3143 957 3190 esse
989 3123 1143 3189 iudicavit
1164 3119 1311 3206 ἀνέορτος.

172 3227 209 3292 In
239 3225 324 3294 idem
353 3230 467 3295 incidit
487 3231 640 3316 Weilius,
671 3233 727 3316 qui
759 3231 953 3297 ›medicina‹
983 3233 1089 3316 inquit
1119 3230 1313 3316 »petendae

173 3338 300 3414 scholio,
324 3337 409 3421 quod
430 3357 494 3403 non
517 3340 653 3424 pertinet
673 3340 714 3404 ad
736 3336 867 3424 ἄμοιρος,
892 3336 1035 3424 ἄκληρος,
1059 3340 1115 3404 sed
1137 3339 1178 3404 ad
1199 3338 1312 3424 genui-

171 3463 246 3510 nam
268 3447 469 3531 scripturam,
501 3467 542 3512 ex
565 3469 628 3532 qua
649 3450 726 3514 hoec
754 3453 861 3513 nostra
883 3449 1051 3533 depravata
1072 3453 1134 3531 cst,
1163 3444 1309 3531 ἀνέορτος,

171 3550 341 3640 ἀκληρος«;
372 3557 463 3621 cuius
495 3557 640 3622 lectionis
662 3564 694 3623 et
723 3559 791 3643 ipse
812 3557 1030 3623 Weckleinius
1052 3576 1161 3622 suasor
1182 3556 1311 3622 exstitit

172 3663 281 3730 Nihilo
303 3665 418 3748 minus,
440 3685 517 3730 num
539 3668 682 3733 homines
705 3667 878 3733 doctissimi
894 3686 1005 3732 verum
1027 3667 1172 3750 viderint,
1189 3664 1311 3736 dubito.

172 3773 255 3840 Nam
277 3775 305 3838 si
326 3774 492 3840 scholiasta
520 3781 592 3841 ante
624 3778 732 3842 oculos
753 3776 903 3860 habebat,
935 3776 1019 3860 quod
1047 3775 1096 3840 illi
1117 3773 1312 3856 confirmant,

172 3900 229 3946 cur
249 3900 313 3945 non
336 3883 436 3947 artius
463 3883 503 3948 ad
533 3886 676 3949 ordinem
705 3884 872 3948 verborum
902 3903 936 3949 se
964 3884 1115 3969 applicuit
1136 3888 1168 3947 et
1189 3883 1313 3966 scripsit

133 4053 135 4059 ,
175 3987 310 4074 οὐθαμοῦ
334 3988 408 4053 ὅπου
432 3989 588 4077 ἀμπεχόνη
612 3988 734 4076 καθαρά
749 3988 799 4054 καί
815 3989 903 4076 ἑορτὴ
923 3989 1070 4075 πάρειμιθ
1103 3990 1196 4056 Adde
1218 3990 1312 4076 quod,

170 4099 207 4163 si
227 4118 282 4183 pro
306 4093 428 4184 ἄμοιρος
451 4100 601 4166 insolitur
622 4099 775 4184 ἀνέορτος,
807 4096 936 4184 ἄκληρος
955 4100 1048 4164 iuxta
1069 4098 1206 4183 ἀνέορτος
1228 4100 1310 4186 posi-

172 4212 241 4272 tum
262 4207 374 4293 friget;
407 4207 491 4291 quod
519 4227 591 4304 cum
613 4210 776 4292 sensisset,
808 4208 1025 4274 Weckleinius
1055 4210 1119 4273 iam
1142 4213 1311 4294 utrumque

173 4315 362 4381 vocabulum
384 4315 500 4400 expelli
522 4318 615 4383 iussit
636 4323 668 4384 et
688 4319 798 4403 reponi
820 4317 956 4402 ἀνέορτος
979 4315 1110 4403 ἀφαροςί
1153 4317 1224 4406 Ego
1245 4319 1309 4384 iam

247 4453 291 4524 12)
311 4455 456 4510 Assentior
475 4453 576 4512 Bothio
595 4455 766 4512 scribendum
785 4471 845 4512 esse
862 4454 894 4512 Z.
913 4456 1061 4529 αἱμοσταγὲς
1079 4498 1085 4512 .
1105 4494 1112 4508 .

1021 4551 1067 4618 2*
