3064 4924
742 294 782 357 16

278 469 479 554 corruptelae
501 469 535 531 in
557 487 586 531 τ.
601 468 664 531 293
687 467 776 530 hiatu
797 472 867 552 post
888 467 1035 552 δέχεσθαι
1057 470 1216 552 indicatae
1237 471 1339 535 medi-

190 597 246 642 cus
267 579 416 642 inventus
439 582 486 641 est
506 575 718 658 Hermonnus
742 576 798 659 qui
820 577 945 661 scripsit

385 703 531 790 δέχεσθαι
554 703 653 769 <δ’>
677 701 745 767 οῦτε
767 703 902 768 συλλύειν
925 703 1003 790 τινά,

189 835 293 920 priore
314 836 383 899 loeo
406 830 474 895 οὔτε
495 835 572 899 item
601 835 753 898 omissum
775 851 843 898 esse
866 839 968 918 ratus,
997 840 1033 900 st
1055 837 1140 921 apud
1160 837 1336 902 Pindarum

188 941 281 1024 Pyth.
303 942 337 1007 X
360 943 401 1006 39
434 938 520 1003 ναυσὶ
545 942 572 1004 δ’
595 938 663 1004 οῦτε
685 938 775 1012 πεζὸς
798 941 850 1005 ἰὼν
874 941 907 1004 dv
932 942 1028 1028 εὕροις
1062 946 1334 1024 (11119601111116111,

189 1052 259 1116 eius
281 1052 321 1115 de
343 1055 432 1115 metr.
454 1050 546 1114 Pind.
569 1052 604 1114 in
626 1057 699 1115 tom.
721 1051 771 1114 HI
793 1072 820 1135 p.
845 1052 908 1114 200
932 1053 980 1116 ed.
1002 1053 1127 1134 Heyn.).
1171 1053 1334 1119 Recentis-

189 1159 264 1223 simi
286 1159 422 1223 editores
443 1159 569 1227 reiectis
586 1159 720 1222 odiorum
734 1159 923 1224 coniecturis
938 1160 1099 1224 hominem
1116 1162 1334 1226 doctissimum

187 1269 288 1332 seouti
319 1272 408 1348 sunt3
440 1267 556 1351 quibus
587 1286 780 1351 quamquem
802 1268 970 1344 assentior,
1001 1273 1107 1334 tamen
1131 1289 1243 1353 operae
1264 1288 1334 1353 pre-

188 1375 269 1439 tium
291 1376 425 1457 videtur,
447 1377 503 1439 uni
526 1377 575 1439 1111
596 1377 665 1440 loeo
687 1375 865 1458 Pindarico,
887 1377 979 1440 ouius
1001 1379 1186 1442 suoioritste
1208 1379 1333 1442 oonieo·

187 1487 259 1547 tura
279 1482 456 1549 Hermonni
479 1483 599 1567 nititur,
620 1485 677 1547 hos
699 1483 829 1548 addere:
851 1482 966 1567 Agom.
990 1486 1052 1548 537

552 1631 647 1719 Πάρις
668 1629 725 1717 γὰρ
748 1629 817 1695 οὔτε
840 1631 980 1716 συντελὴς
1003 1610 1089 1704 πόλις

381 1738 534 1826 ἐξεύχεται
556 1739 588 1803 τὸ
615 1742 715 1826 δρᾶμα
735 1743 787 1804 τοῦ
810 1737 927 1812 πάθους
950 1740 1048 1821 πλέον,

184 1891 276 1956 Pind.
300 1892 392 1974 Pyeh.
412 1892 460 1956 VI
481 1895 524 1956 48
548 1890 649 1955 ἄδικον
672 1890 740 1955 οὐθ’
770 1890 936 1976 ὑπέροπλον
958 1893 1035 1978 ἥβαν
1066 1891 1201 1976 δρέπων,
1231 1893 1266 1958 X
1287 1894 1328 1957 41

184 1999 267 2061 νόσοι
289 1998 317 2061 δ’
346 1996 414 2061 οὔτε
442 2005 537 2082 γῆρας
560 1997 720 2084 οὐλόμενον
741 1999 883 2084 κέκραται
906 2001 971 2084 ἱερᾷ
992 2005 1087 2084 γενεᾷ.
1143 2000 1263 2066 Similis
1285 2002 1330 2065 lo·

186 2127 242 2172 eus
265 2112 319 2190 esi,
342 2108 406 2171 nisi
427 2109 512 2190 quod
534 2128 590 2191 pro
613 2105 681 2170 οὔτε
702 2109 821 2193 legitur
842 2106 927 2187 οὐδέ,
951 2109 1109 2192 Aristoph.
1132 2130 1180 2174 av.
1204 2111 1268 2174 694
1290 2115 1328 2194 γῆ

185 2214 213 2275 δ’
236 2213 300 2276 οὐδ’
329 2213 389 2298 ἀὴρ
419 2213 483 2276 οὐδ’
515 2213 639 2299 οὐρανὸς
670 2214 724 2298 ἧν;
767 2220 798 2280 et
825 2235 867 2280 ne
898 2217 969 2299 quis
999 2216 1083 2300 apud
1109 2222 1217 2300 poetas
1247 2218 1330 2282 solos

184 2323 267 2386 hano
289 2323 415 2387 dicendi
437 2324 591 2388 rationem
612 2324 751 2388 inveniri
773 2326 875 2406 putet,
897 2322 993 2387 affero
1014 2323 1109 2388 Thue.
1132 2323 1213 2388 ViII
1236 2324 1285 2407 99,
1308 2325 1325 2386 1

184 2427 234 2492 καὶ
262 2431 289 2492 οἱ
319 2430 349 2494 ἐν
371 2437 408 2514 τῇ
433 2428 561 2515 Μιλήτῳ
591 2430 857 2512 Πελοποννήσιοι.
883 2480 890 2496 .
915 2477 922 2492 .
944 2428 995 2491 καὶ
1028 2431 1058 2491 αἱ
1082 2430 1240 2494 Φοίνισσαι
1259 2435 1329 2514 νῆες

184 2535 249 2601 οὐδ’
272 2534 512 2621 ὁΤισσαφέρνης
534 2537 609 2608 τέως
642 2561 699 2601 που
721 2537 837 2622 ἧκονῧ).
868 2573 910 2585 -
944 2535 1108 2614 Quomodo
1140 2544 1246 2603 autem
1276 2539 1330 2602 hio

175 2664 268 2728 osus,
291 2641 416 2708 α’1οῦτε
438 2646 541 2730 priore
562 2647 631 2711 loeo
653 2647 745 2730 plane
766 2647 944 2727 tolieretur,
971 2649 1064 2710 natus
1086 2665 1155 2710 esse
1176 2646 1330 2729 videatur,

184 2754 235 2818 his
257 2754 411 2838 exemplis
437 2753 651 2835 illustrabo”):
683 2754 778 2818 Thuo.
800 2753 848 2816 VI
872 2753 922 2836 55,
945 2755 964 2815 2
988 2753 1093 2836 στήλη,
1117 2753 1146 2816 ἐν
1167 2743 1189 2837 ᾗ
1214 2753 1329 2817 Θεσσα-

183 2861 236 2923 λοῦ
261 2857 312 2945 ρὲν
336 2859 400 2922 οὐδ’
422 2856 590 2945 Ἱππάρχου
614 2857 712 2930 οὐδεὶς
734 2859 803 2930 παῖς
825 2857 998 2943 γέγραπται,
1019 2859 1136 2925 Herod.
1159 2860 1261 2925 1215
1285 2884 1329 2923 σι-

184 2969 269 3053 δήρῳ
310 2965 343 3030 δὲ
377 2967 441 3030 οὐδ’
473 2966 594 3053 ἀργύρῳ
629 2966 777 3052 χρέωνται
816 2963 921 3046 οὐδέν,
963 2964 1053 3030 Dom.
1076 2965 1177 3032 XXII
1204 2970 1226 3030 4
1259 2964 1327 3030 οἶδα

184 3079 309 3159 σαφῶς,
341 3075 384 3137 ὅτι
414 3072 498 3146 οῦτος
529 3074 640 3138 ἁπλοῦν
666 3071 717 3157 μὲν
741 3071 811 3136 οὐδὲ
835 3072 946 3136 δίκαιον
971 3071 1056 3137 οῦδὲν
1081 3071 1114 3137 dv
1137 3075 1228 3138 εἰπεῖν
1251 3073 1326 3159 ἔχοι.
1437 3097 1438 3102 ’

183 3184 229 3248 Ut
256 3184 357 3268 primo
390 3188 460 3247 utar
490 3185 651 3268 exemplo,
686 3183 886 3264 Thucydides
917 3182 1054 3246 seribere
1086 3188 1207 3267 poierat
1242 3183 1271 3246 ἐν
1306 3175 1326 3268 ᾗ

184 3289 252 3355 οῦτε
275 3290 431 3355 Θεσσαλοῦ
463 3289 531 3354 οῦτε
557 3288 726 3376 Ἱππάρχου
756 3292 824 3361 παῖς
847 3289 1026 3374 γέγραπται,
1062 3293 1117 3356 sod
1146 3294 1326 3378 negatio·

184 3421 271 3466 nem
304 3401 398 3466 sedo
420 3419 577 3465 movens
607 3401 695 3465 dedit
722 3399 753 3463 ἐν
775 3389 795 3484 ᾖ
819 3397 976 3462 Θεσσαλοῦ
999 3396 1050 3481 μέν
1073 3398 1137 3461 οόδ’
1159 3396 1327 3485 Ἱππάρχου

185 3507 283 3580 οὐδεὶς
304 3509 373 3579 παῖς
395 3531 442 3591 γ.;
479 3510 544 3573 ism
566 3509 704 3573 deletum
727 3527 795 3572 esse
818 3505 915 3579 οὐδείς
938 3509 1059 3592 cogita:
1090 3508 1222 3572 hebebis
1253 3507 1283 3571 ἐν
1305 3499 1326 3592 ᾖ

184 3615 340 3681 Θεσσαλοῦ
363 3611 414 3700 μὲν
439 3613 502 3678 οὐδ’
522 3611 691 3699 Ἱππάρχου
713 3615 782 3685 παῖς
805 3613 977 3700 γέγραπται.

256 3908 284 3980 8)
302 3905 344 3962 De
372 3913 468 3962 nostro
492 3903 585 3974 relego
610 3903 705 3974 lingue
729 3903 764 3960 sd
783 3903 955 3961 Waltherum
983 3905 1036 3977 (ed.
1056 3906 1146 3976 primo
1165 3905 1325 3977 Wilmsnn.)

184 3999 228 4067 93,
247 4001 263 4052 5
283 3997 343 4052 dem
363 3998 417 4052 sint
437 3995 481 4050 die
499 3995 577 4062 engel
596 3996 667 4050 noch
686 3995 730 4050 die
748 3994 851 4050 frowen
869 3995 944 4064 holt,
972 3997 1090 4064 append.
1111 3999 1151 4064 14,
1170 3999 1205 4052 39
1224 3997 1275 4052 daz
1294 4013 1325 4051 er

184 4089 243 4144 sioh
262 4088 332 4143 noch
351 4092 399 4154 got
417 4085 557 4152 erkennet‚
578 4086 619 4150 15,
639 4086 670 4138 21
694 4085 730 4138 do
748 4099 778 4138 er
798 4083 878 4152 pfant
896 4086 966 4139 noch
985 4086 1089 4154 borgen
1107 4087 1164 4140 hot.
1204 4086 1267 4140 Alia
1285 4087 1324 4140 in·

182 4181 274 4236 venies
293 4178 417 4246 exemplo
435 4179 463 4230 in
484 4192 515 4231 eo
534 4176 621 4245 libro,
649 4193 727 4244 quem
746 4177 937 4233 Lachmsnnus
955 4184 983 4232 et
1002 4179 1139 4246 Hauptius
1167 4179 1217 4232 sub
1245 4178 1326 4233 titulo

185 4274 377 4340 ›Minoesangs
396 4270 545 4338 Frohling«
566 4268 709 4324 ediderunt
728 4271 782 4340 (62,
805 4272 851 4338 183
871 4272 914 4336 69,
934 4273 965 4341 8;
984 4274 1027 4338 83,
1047 4274 1099 4340 36,
1118 4273 1179 4336 213,
1202 4273 1253 4342 12).

254 4367 283 4434 9)
301 4364 394 4419 Debeo
413 4378 446 4418 ea
465 4361 630 4430 Schneidero
648 4360 695 4430 (sd
712 4361 798 4418 Isoor.
813 4360 852 4415 IV
871 4361 943 4430 161).
1029 4433 1033 4438 .
