3064 4924
807 266 827 330 '1

244 438 416 504 hubeumus
439 458 503 502 nos.
553 436 677 502 Talium
706 443 954 502 commentorum
983 440 1018 502 in
1048 437 1241 503 editionibus
1268 441 1301 503 et
1327 437 1388 502 im-

245 547 355 632 primis
377 547 411 609 in
442 546 615 631 appendice
637 545 878 610 Weckleinisns
906 566 1042 632 magnus
1072 566 1224 611 numerus
1254 547 1388 611 circum·

244 655 352 738 fertur,
374 673 478 738 neque
500 654 590 718 iuvat
619 672 657 718 ea
678 654 836 739 colligere.
888 653 961 719 Duo
991 659 1097 720 umen
1120 655 1266 738 exempla
1288 672 1388 737 esque

245 761 460 828 Eumenidum
491 763 544 846 hic
573 763 733 847 subiungo
757 763 871 847 (neque
894 764 1036 827 enimin
1059 765 1164 828 animo
1187 769 1250 846 est,
1279 768 1388 848 postea

245 872 389 936 adhunc
411 871 575 935 materiem
596 872 721 954 reverti,
744 871 807 935 nisi
829 871 900 936 aliis
922 872 1018 936 rebus
1039 873 1155 957 cogor).

333 979 371 1042 In
387 999 415 1042 v.
432 979 494 1042 177
517 979 617 1063 igitur
638 979 776 1063 legimus
799 979 1005 1063 ποτιτρόπαιος
1029 979 1056 1041 δ’
1073 981 1113 1042 ών
1135 979 1233 1063 ἕτερον
1256 979 1286 1042 ἐν
1308 977 1388 1063 κάρη

247 1084 382 1170 μιάστορ’
413 1084 526 1148 ἐκείνου
558 1083 699 1164 πάσεται,
732 1087 766 1149 in
796 1088 915 1152 scholio
945 1093 1051 1152 autem
1084 1089 1124 1150 ών
1154 1086 1263 1171 ἐναγὴς
1292 1087 1388 1172 ἐντῷ

139 1215 141 1220 ·
247 1191 325 1278 κάρη
348 1195 456 1258 ἑαυτοῦ
479 1193 579 1278 ἕτερον
604 1192 750 1278 μιάστορα
772 1195 901 1280 λήψεται
922 1192 972 1257 καί
994 1196 1022 1258 ot
1045 1195 1074 1266 ἐξ
1098 1195 1189 1258 αὐτοῦ
1212 1194 1297 1267 δίκας
1318 1196 1388 1280 ἡμῖν

248 1300 403 1362 δώσουσιν.
456 1300 589 1385 Propter
609 1295 660 1360 καί
684 1347 690 1359 .
715 1347 723 1360 .
749 1347 755 1361 .
780 1300 927 1364 δώσουσιν
958 1302 1050 1364 multi
1081 1301 1184 1366 en‘tici
1212 1302 1388 1366 necessario

245 1409 338 1473 illum
359 1407 447 1473 uhud
468 1414 563 1492 utque
584 1409 669 1492 ipsos
689 1408 807 1492 legisse
829 1413 954 1492 putent,
975 1409 1120 1473 invident
1141 1409 1199 1492 illi,
1220 1428 1255 1474 se
1277 1414 1308 1473 et
1327 1410 1390 1473 for-

245 1520 355 1580 tunam
383 1516 446 1580 loci
474 1516 741 1580 commiseruntur.
791 1517 923 1580 Athos
951 1521 999 1582 est
1027 1518 1270 1601 grammaticum
1297 1518 1390 1582 illum

246 1625 346 1688 nimio
375 1625 523 1708 prosequi
552 1625 678 1689 honore.
731 1624 812 1688 Mihi
847 1625 977 1708 quidem
1012 1630 1133 1690 constat
1170 1645 1243 1690 eum
1270 1625 1388 1711 legisse

246 1730 360 1794 ἐκείνου
381 1733 478 1817 idque
500 1752 564 1796 non
586 1733 677 1797 ahter
695 1734 835 1817 potuisse
851 1733 1019 1817 exphcare,
1041 1734 1105 1797 nisi
1127 1738 1252 1798 utente
1274 1732 1388 1797 ἐκείνου

246 1840 405 1926 suppleret
435 1839 486 1902 καί
516 1842 572 1921 (ita
599 1841 777 1906 sexcenties
808 1839 903 1902 λείπει
926 1841 941 1901 ὁ
963 1839 1042 1922 καί),
1077 1840 1190 1904 ἐκείνου
1210 1842 1316 1927 ipsum
1338 1863 1387 1908 re-

244 1949 341 2013 ferret
361 1949 402 2012 ed
423 1949 539 2014 hberos
561 1947 600 2012 ab
613 1947 723 2012 Oreste
737 1948 953 2031 procreandos,
977 1947 1060 2019 δίκας
1082 1949 1151 2032 ἡμῖν
1177 1950 1322 2012 δώσουσιν
1346 1951 1385 2015 ab

247 2055 346 2139 ἕτερον
371 2053 516 2139 μιάστορα
536 2056 664 2140 λήψεται
678 2061 876 2120 mutuaretur
886 2055 917 2137 l).
955 2054 1081 2121 Similes
1097 2057 1248 2122 sultitiae
1270 2060 1387 2142 possim

245 2159 280 2222 in
303 2159 431 2223 scholiis
449 2161 568 2232 ,nostris
589 2161 811 2241 inveniuntur,
840 2159 1008 2244 pleraeque
1036 2165 1142 2226 nutem
1170 2162 1205 2225 in
1228 2181 1386 2228 commcn-

245 2268 325 2331 tario
348 2265 473 2352 Septem
495 2267 628 2350 fabulae,
651 2267 749 2332 herba
769 2269 877 2331 inutili
899 2268 1059 2334 doctrinae
1070 2269 1265 2351 Byzantinos
1287 2272 1386 2355 spisse

245 2375 374 2439 consito.
418 2373 542 2440 Deinde
563 2375 647 2439 Eum
671 2376 733 2438 525
756 2395 802 2458 sq.
824 2376 963 2460 legimus

578 2480 621 2552 τίς
644 2478 677 2544 δὲ
701 2478 793 2566 μηδὲν
817 2481 846 2546 ἐν
872 2479 946 2566 φάει

578 2587 704 2673 καρδίαν
729 2589 904 2676 ἀνατρέφων

578 2699 599 2780 ἢ
622 2697 706 2769 πόλις
731 2698 834 2784 βροτός
856 2697 888 2760 δ’
911 2697 998 2782 δμοί-

581 2830 622 2877 ως
644 2803 686 2868 ἔτ’
709 2805 743 2870 eo
768 2805 851 2892 σέβοι
874 2804 972 2888 δίκαν;
1045 2828 1048 2833 ·

242 2915 278 2980 in
299 2917 363 2982 sch.
387 2916 450 2980 525
472 2913 672 2998 λαμπρότητι,
703 2913 845 2998 ὀρθότητι
871 2918 997 3000 φρενῶν.
1042 2913 1218 2980 Duodecim
1240 2917 1385 2982 homines

244 3026 328 3090 docti
348 3021 472 3108 καρδίαν
495 3024 530 3087 in
551 3021 676 3107 καρδίας
698 3015 916 3105 mutaverunt,
946 3024 1061 3087 sinon
1083 3042 1208 3106 omneS,
1239 3029 1272 3088 ot
1300 3031 1384 3090 certe

242 3134 385 3219 plerique
418 3133 536 3197 schoho
566 3131 710 3212 udducli3
744 3131 880 3196 Weilius
921 3131 1051 3215 quidem
1090 3133 1248 3214 expressis
1279 3132 1384 3198 verbis

242 3242 442 3307 scholiastum
481 3237 553 3326 φάει
587 3237 712 3324 καρδίας
750 3240 898 3304 habuisse
928 3240 1011 3303 dicit
1062 3238 1278 3304 concedemus
1307 3241 1382 3306 hoc:

242 3350 307 3414 ium
328 3349 393 3413 iliis
415 3348 595 3413 coniectura
624 3367 661 3412 ea
689 3348 782 3412 lectio
812 3346 977 3412 efficienda
1006 3353 1067 3430 est,
1099 3366 1195 3432 quae,
1225 3349 1253 3412 si
1274 3368 1331 3434 pro
1353 3349 1383 3412 ἐν

244 3453 315 3543 φάει
343 3453 468 3540 καρδίας
498 3454 700 3520 substituitur
721 3453 922 3538 λαμπρότητι,
953 3453 1095 3538 ὀρθότητι
1124 3459 1249 3541 φρενῶν,
1280 3461 1384 3543 aptum

243 3566 402 3630 contineat
423 3564 619 3630 sententium.
664 3562 756 3639 Quod
778 3581 870 3628 nemo
893 3564 1003 3647 potuit,
1023 3582 1117 3630 nemo
1139 3565 1260 3649 poterit

290 3706 292 3710 ·
330 3672 500 3738 Ordiamur
519 3692 539 3736 s
559 3673 715 3736 contraris
736 3675 823 3756 purte
845 3676 876 3735 et
897 3675 933 3736 tu
954 3672 1034 3736 mihi
1056 3673 1255 3737 scholiastnm
1276 3673 1384 3738 lectio·

234 3803 317 3849 «uem
340 3781 458 3846 codicis
473 3779 621 3844 habuisse
637 3780 700 3844 des.
738 3779 818 3844 Cum
840 3779 979 3862 primum
999 3780 1105 3845 locum
1124 3780 1254 3866 legeret,
1274 3783 1384 3866 procul

243 3891 340 3956 dubio
362 3889 499 3954 offensus
523 3892 586 3952 est:
610 3888 766 3971 quomodo
788 3891 879 3972 poeta
900 3887 1005 3952 dicere
1018 3894 1123 3973 posset
1136 3890 1291 3954 iniustum
1306 3908 1384 3973 esse,

243 4000 300 4085 qni
320 4017 484 4082 nunquam
508 3997 664 4081 prosperis
691 3996 786 4061 rebus
816 3999 970 4080 uteretur,
997 4016 1063 4062 non
1092 3997 1258 4063 intellexit
1302 3997 1383 4062 Gon·

314 4236 343 4306 2)
362 4233 464 4289 Temen
483 4235 572 4289 locum
591 4238 751 4301 corruptum
778 4247 838 4288 esse
856 4233 886 4287 in
911 4235 1068 4303 propatulo.
1111 4235 1187 4304 Lego
1206 4251 1265 4291 cum
1284 4234 1382 4292 Rirch·

243 4327 324 4386 hoffio
343 4327 402 4383 τίσιν
420 4326 450 4382 οὔ
468 4325 520 4398 (10
539 4349 571 4374 =
595 4324 639 4381 lOi
658 4325 699 4382 ch
718 4327 772 4382 896
790 4323 812 4398 ql
831 4324 861 4380 σίν
880 4325 1007 4383 Robore:
1027 4326 1083 4382 ώκώ
1099 4327 1148 4398 Μ).
