3064 4924
787 279 872 354 32,

326 450 388 514 670
412 445 428 508 ὃ
452 443 578 532 μάλιστα
611 450 697 521 λυπεῖ
726 452 867 532 γυναῖκα,
903 447 935 514 τὸ
958 457 1011 536 τῆς
1034 450 1202 537 ἀμορφίας,
1235 453 1289 517 Oh.
1311 453 1377 518 362

239 562 413 641 γυναικικῶς
437 554 507 619 ούδέ
529 555 624 644 τούτῳ
648 557 813 644 ἀρέσκεται,
838 556 916 624 ἀλλὰ
939 608 945 621 .
971 609 977 622 .
1003 611 1009 624 .
1035 608 1041 622 .

324 667 405 732 Per
426 669 466 730 21
490 663 526 729 τᾶ
559 664 610 750 μὲν
644 672 701 731 τῶν
736 666 888 752 ὀνομάτων
922 668 1090 753 ἱστόρησεν,
1125 667 1162 732 τὰ
1192 667 1224 732 δὲ
1255 667 1379 740 τελείως

239 768 375 850 ἔπλασεν,
400 772 451 856 35,
474 774 546 837 315.

325 882 386 945 110
410 879 467 965 ούχ
489 880 516 942 οἱ
542 878 654 964 Πέρσαι
675 880 823 963 ναυτικοί,
853 881 920 943 ἀλλ’
944 882 971 944 οἱ
994 880 1121 968 ὑπήκοοι
1145 881 1287 968 Περσῶν,
1313 884 1378 946 115
1488 953 1489 956 ¹

238 989 295 1076 ούχ
317 991 358 1062 ὡς
381 989 476 1052 αὐτῶν
506 994 563 1052 τῶν
590 987 712 1074 Περσῶν
736 989 908 1054 θαλασσίων
932 989 1039 1071 ἄντων,
1073 989 1151 1056 ἀλλὰ
1173 999 1231 1056 τῶν
1255 991 1379 1063 ἐκείνοις

242 1097 380 1183 ὑπηκόων
404 1096 566 1183 παραλίων.

322 1209 391 1301 ,110
413 1205 544 1292 ἔμαθον·
569 1208 674 1292 μαθεῖν
691 1207 842 1292 ἐποίησαν,
867 1210 928 1273 146
945 1211 1100 1294 προςήκει·
1123 1216 1267 1294 προςήκον
1291 1213 1378 1274 ποιεῖ.

330 1319 390 1381 127
414 1319 434 1401 ή
460 1315 571 1402 μετοχή
596 1314 658 1380 ἀντὶ
681 1321 732 1379 τού
756 1317 899 1402 ῥήματος,
923 1318 981 1384 Eu.
1006 1320 1076 1383 786.

326 1428 389 1491 310
413 1424 573 1511 εὐφήμως·
600 1427 694 1490 κεῖται
723 1426 753 1489 ἐν
777 1425 939 1510 Σαλαμῖνι,
962 1428 1032 1491 322
1056 1427 1086 1488 ἐν
1108 1425 1254 1510 Σαλαμῖνι
1278 1451 1373 1510 μετοι-

242 1534 347 1617 κήσας,
371 1531 524 1619 εύφήμως.

326 1645 389 1708 989
411 1644 573 1729 suppletur
592 1647 703 1723 κακῶν,
729 1644 812 1708 1019
835 1642 930 1706 λείπει
951 1643 1039 1706 κακοί.

328 1751 384 1818 Se.
410 1753 450 1816 18
473 1751 594 1837 παιδικὴ
618 1751 719 1836 ήλικία
743 1754 795 1834 (=
810 1757 895 1818 aetas
917 1753 1068 1837 puerilis),
1090 1753 1163 1836 320,
1186 1755 1258 1835 520,
1279 1751 1380 1837 ήλικία
1491 1773 1492 1780 ’

254 1890 294 1914 =
318 1865 403 1925 aetas
437 1861 509 1924 654.

243 1861 253 1941 ί
328 1966 370 2029 04
391 1864 464 2049 τίρύς
487 1963 518 2028 τύ
542 1969 657 2049 πνεῦμα
679 1966 827 2048 ἐπήγαγεν
850 1961 882 2026 τύ
905 1967 999 2048 κύμα,
1031 1965 1114 2029 1066
1138 1963 1343 2036 ἀκολούθως.
1374 2015 1381 2029 .

240 2075 282 2155 τῷ
303 2068 411 2154 κύματι
432 2066 481 2132 καί
504 2067 536 2133 τύ
558 2071 801 2154 κατακλυσθῆναι
822 2070 991 2153 ἐπήνεγκεν,
1019 2069 1072 2135 ch.
1090 2072 1161 2135 791.

327 2180 369 2242 64
391 2179 737 2264 παρακεκινδυνευμένως
771 2176 804 2240 δὲ
835 2176 913 2242 εἶπεν
945 2183 1025 2263 κῦμα
1047 2179 1206 2264 χερσαῖον,
1242 2182 1303 2245 179
1325 2203 1381 2242 κε-

241 2286 423 2352 κινδύνευται
445 2293 486 2374 τῷ
507 2286 651 2374 Αἰσχύλῳ
674 2287 804 2351 ἐνταῦθα
826 2284 858 2349 τὸ
884 2275 1068 2373 μεταίχμιον.
1492 2365 1493 2372 ,

332 2398 394 2462 104
415 2395 520 2482 ήθικύν
543 2396 575 2459 τὸ
600 2395 643 2469 δίς
667 2397 871 2486 ἀναφωνῆσαι,
898 2399 960 2461 124
983 2394 1069 2460 πάλιν
1094 2395 1136 2468 δὶς
1159 2395 1237 2460 εἶπεν
1259 2394 1291 2459 τὸ
1315 2393 1385 2459 ἐπί-

246 2508 336 2570 λυσιν.

331 2617 391 2680 137
415 2616 502 2700 χνόαι
526 2613 559 2678 δὲ
581 2664 589 2679 .
614 2664 621 2678 .
646 2664 669 2697 .,
696 2619 759 2681 358
781 2618 832 2678 τού
857 2614 955 2698 μέντοι
977 2611 1078 2686 ἄξονος
1102 2662 1109 2676 .
1134 2663 1172 2678 ..

331 2726 393 2789 172
412 2724 441 2788 ἐν
465 2722 614 2810 θορύβοις,
639 2725 701 2789 175
719 2721 768 2786 0ιᾶ
790 2727 842 2787 τού
865 2720 1005 2808 θορύβου,
1031 2724 1093 2788 183
1111 2723 1289 2812 θυροβοιῖσα,
1315 2723 1385 2790 185

241 2830 438 2918 ἐθορύβησαν.

331 2941 391 3004 561
417 2940 485 3024 μεθ’
503 2937 625 3024 αἵματος
642 2934 748 3010 αύτούς
764 2936 978 3022 διανείμασθαι
993 2935 1045 3022 τήν
1070 2936 1230 3024 βασιλείαν,
1256 2937 1318 3000 697
1345 2936 1378 3000 δι’

243 3045 366 3134 αἵματος
390 3098 397 3111 .
422 3097 430 3111 .
455 3098 461 3111 .
486 3049 623 3134 διανομή.

329 3157 392 3223 Sn.
415 3160 457 3223 24
480 3154 538 3220 ἀπὸ
562 3155 654 3242 ἄλλης
677 3155 781 3242 ἀρχῆς,
805 3157 864 3221 Eu.
887 3159 958 3220 377.

332 3267 396 3330 408
428 3263 515 3337 αὐτὸς
545 3265 764 3350 ἐπεξηγήσατο,
796 3263 824 3326 τί
856 3264 932 3326 ἐστιν
965 3261 1173 3350 ἑτερορρεπής,
1208 3262 1280 3345 570,
1310 3261 1382 3344 816,

248 3375 301 3440 ch.
323 3375 373 3440 96.

335 3483 404 3568 Ag.
429 3482 489 3546 181
513 3486 702 3566 τριακτῆρος·
726 3482 846 3566 νικητοιῖ
861 3479 894 3541 ἐκ
917 3482 1085 3565 μεταφορᾶς
1101 3489 1157 3542 τῶν
1178 3478 1207 3541 ἐν
1230 3479 1289 3550 τοῖς
1312 3500 1380 3541 πεν-

242 3588 363 3662 τάθλοις
386 3591 461 3653 ἀποτ
464 3589 632 3674 ι,ροιζύντων
658 3590 711 3655 ch.
735 3593 808 3673 338,
829 3589 887 3654 Eu.
912 3590 983 3653 592.
1180 3653 1184 3662 ,

330 3700 384 3765 Oh.
408 3702 448 3764 73
470 3705 523 3783 τής
545 3697 744 3784 ἐπιούσης’
710 3704 790 3784 αυτῶ
813 3695 895 3782 ἄτης,
919 3698 978 3763 Eu
1002 3699 1063 3761 377
1087 3693 1139 3779 τήν
1163 3696 1303 3760 ἐπιοῦσαν
1326 3691 1384 3757 αύ-

245 3811 306 3882 τοῖς
338 3807 428 3898 ἄτην;
464 3811 526 3874 542
550 3807 718 3893 ἐπιμελείας
746 3810 880 3892 ήξιουτο,
913 3808 974 3871 750
997 3802 1111 3888 ἀνάγκη
1135 3803 1251 3890 τρέφειν
1279 3805 1386 3887 ἐπιμε-

246 3918 313 4004 νειι
335 3924 443 4003 ψυχῆς

331 4028 390 4092 Eu.
415 4029 477 4092 525
501 4026 534 4111 ὀρ
536 4027 574 4090 θύ
519 4050 702 4113 ρτητιρ
663 4051 702 4114 φρ
705 4032 788 4108 ενῶν,
813 4029 875 4092 538
898 4025 914 4089 ὀ
917 4020 1030 4110 ρθᾶς
1013 4046 1092 4108 εχειν
1114 4047 1153 4114 φρ
1138 4047 1231 4109 ερνας
1254 4060 1295 4070 -

706 4281 910 4292 ——-——-
