3064 4924
730 287 770 361 17

268 461 437 546 Ohoeph.
460 460 546 524 696.

351 565 437 651 Ἐγὼ
462 565 513 653 μὲν
536 566 586 630 οὖν
610 567 729 638 ξένοισιν
759 567 813 630 ὧδ’
836 565 1006 652 εὐδαίμοσιν

356 677 468 740 κεδνῶν
493 675 574 738 ἕκατι
595 671 776 760 πραγμάτων
799 673 833 738 ἂν
855 673 966 758 ἤθελον

356 779 1058 868 pmfflpfflmmmffmfflmvdfflp

357 893 442 973 ξένου
466 892 586 964 ξένοισίν
610 893 685 956 ἐστιν
709 883 936 978 εὐμενέστερον;

184 1008 236 1071 Ad
266 1008 351 1069 hunc
391 1006 496 1069 locum
531 1005 686 1089 respicere
719 1005 844 1068 videtur
873 1000 1069 1085 Herodotus,
1110 1003 1165 1086 qui
1195 1002 1326 1066 Xerxen

186 1115 381 1179 Achaemeni
404 1119 436 1178 et
459 1114 521 1177 alia
543 1118 574 1177 et
595 1114 673 1176 haec
693 1113 768 1176 facit
789 1112 1026 1196 respondentem
1052 1111 1091 1192 (V
1092 1110 1125 1174 H
1142 1112 1204 1174 237
1227 1107 1326 1194 [6161)

190 1223 279 1294 ξεῖνος
302 1217 334 1284 δὲ
358 1218 441 1305 ξείνῳ
465 1219 497 1282 εὖ
521 1219 681 1304 πρήσσοντί
704 1221 765 1283 ἐστι
788 1219 997 1303 εὐμενέστατον
1020 1215 1200 1302 siaroch).

273 1330 446 1416 Ohoepla
471 1331 556 1394 751.

361 1437 395 1502 οὗ
419 1436 475 1523 γάρ
497 1462 525 1501 τι
547 1441 641 1524 φωνεῖ
663 1438 731 1509 παῖς
754 1436 795 1500 ἔτ’
819 1440 858 1501 ὢν
883 1438 912 1502 ἐν
937 1435 1134 1524 σπαργάνοις,
1246 1525 1250 1531 Δ

365 1548 390 1611 εί
414 1547 537 1628 (stanit
562 1546 605 1611 Μ.
628 1550 660 1630 ἢ)
684 1544 768 1631 λιμὸς
789 1550 810 1632 ἢ
835 1545 906 1632 δίψη
930 1570 971 1618 τις
993 1550 1013 1632 ἢ
1037 1546 1175 1632 λιψουρία

365 1680 436 1742 Εχεῑ.

189 1763 288 1830 Recte
310 1767 373 1829 iam
396 1767 467 1830 aliis
483 1766 666 1849 scrupulum
682 1767 782 1830 movit
802 1767 903 1830 forma
925 1764 1006 1851 δίψη,
1030 1768 1145 1852 quippe
1168 1785 1249 1851 quae
1271 1767 1330 1831 hoc

190 1893 254 1937 uno
284 1873 353 1937 loco
376 1879 478 1937 exstet
504 1874 714 1957 anologiaque
737 1873 826 1937 verbi
855 1871 955 1960 πείνη,
987 1894 1049 1958 quo
1077 1875 1191 1960 tragici
1219 1894 1260 1939 ne
1282 1877 1332 1940 usi

190 1979 319 2063 quidem
340 1983 423 2061 sunt,
446 1978 502 2040 vix
526 1979 602 2041 satis
625 1980 770 2042 excusari
792 1980 896 2062 possit.
947 1979 1014 2044 Nec
1036 1999 1109 2044 vero
1131 1980 1334 2064 probabiliter

188 2085 392 2152 Wellauerus
424 2106 479 2171 pro
511 2083 583 2172 δίψη
612 2108 654 2156 τις
684 2087 772 2151 dedit
790 2085 923 2174 δίψησις,
955 2093 1066 2153 testem
1094 2089 1213 2153 habens
1233 2109 1333 2153 unum

193 2195 394 2260 Athenaeum
418 2193 443 2274 (Ι
465 2216 493 2279 p.
518 2195 588 2278 10),
610 2195 666 2258 ubi
687 2196 837 2260 traditum
860 2202 907 2261 est
929 2195 963 2258 οὐ
988 2198 1139 2280 διψήσεως
1162 2193 1242 2280 ἄκος,
1266 2198 1332 2280 ἀλλ’

192 2301 388 2387 ἐμφορήσεως
412 2301 514 2379 ἕνεκα;
547 2303 602 2366 sed
623 2322 664 2367 ne
685 2303 732 2366 ibi
753 2305 881 2387 quidem
902 2306 1035 2370 formam
1058 2305 1175 2390 δίψησις
1198 2308 1332 2372 toleran-

193 2414 265 2476 dam
287 2432 355 2477 esse
385 2417 492 2476 censet
512 2410 789 2496 Wilamowitzius‚
820 2413 875 2476 sed
897 2415 1035 2478 restituit
1057 2412 1160 2500 δίψης,
1182 2416 1332 2500 deprava·

182 2522 311 2584 tionem
335 2540 375 2585 ex
398 2521 543 2604 sequenti
565 2519 761 2603 ἐμφορήσεως
791 2527 896 2599 natam
919 2542 987 2587 esse
1009 2528 1096 2588 ratus
1119 2528 1150 2588 et
1170 2525 1332 2590 conferens

192 2628 268 2693 Eur.
291 2628 374 2710 Cycl.
399 2630 438 2712 97
463 2626 551 2711 δίψης
573 2624 653 2698 ἄκος.
678 2667 719 2675 -
742 2628 912 2695 Elmsleius
934 2632 1070 2696 coniecit
1091 2633 1141 2713 (ad
1162 2632 1330 2715 Menneu)

365 2733 1325 2826 αωΜωΜωώωῌΜΜῆωψω,

366 2841 429 2928 ἔχει
450 2851 481 2910 et
501 2845 681 2911 Meinclrius

368 2949 393 3012 εἰ
419 2953 478 3033 (vel
500 2956 548 3038 ἢν)
571 2951 656 3036 λιμδς
678 2957 698 3038 ἢ
723 2953 784 3040 δίψ’
806 2945 827 3040 ᾖ
849 2978 891 3027 τις
913 2958 934 3040 ἢ
958 2955 1095 3046 λιψουρία

366 3082 439 3146 εχίίι

193 3173 325 3253 uterque
349 3190 460 3254 parum
483 3172 650 3256 eleganter.
702 3171 899 3257 Quamquam
921 3173 1080 3240 Meinekio
1106 3177 1332 3242 restituendam

194 3295 262 3341 esse
284 3276 417 3339 formam
439 3278 603 3361 vulgarem
626 3277 720 3364 δίψψα)
751 3282 911 3346 assentior.
968 3283 1057 3348 Idem
1088 3290 1124 3348 ut
1145 3284 1282 3351 efficeret
1302 3291 1334 3350 et

193 3384 289 3448 simul
311 3402 482 3468 pronomen
504 3407 555 3469 τις,
578 3388 662 3470 quod
684 3390 786 3472 aptius
801 3409 874 3455 cum
889 3389 1029 3476 λιψουρία
1049 3413 1144 3476 quam
1165 3413 1238 3458 cum
1261 3393 1332 3480 δίψα

194 3493 345 3578 coniungi
372 3497 456 3557 recte
478 3493 654 3578 iudicabat,
690 3498 730 3561 ad
758 3495 895 3582 λιψουρία
923 3500 1069 3584 referret,
1100 3501 1333 3589 Bambergerus

195 3591 355 3686 proposuit

366 3711 385 3792 ἢ
410 3707 494 3794 λιμδς
517 3713 536 3794 ἢ
562 3710 623 3797 δίψ’
646 3713 665 3797 ἥ
687 3737 729 3785 τις
754 3715 779 3776 εί
801 3717 878 3802 λιψ.;
920 3727 924 3741 “

197 3815 291 3878 velim
313 3817 493 3901 exemplum
521 3817 615 3882 huius
645 3821 811 3886 verborum
841 3821 1053 3888 collocationis
1083 3829 1166 3889 certe
1187 3824 1333 3889 insolitae

198 3923 325 3988 dederit
369 3925 481 4010 Neque
504 3929 724 3993 assentientem
746 3950 797 3995 me
818 3932 914 3996 habet
932 3931 1096 4016 Martinus,
1119 3935 1174 4018 qui
1197 3933 1267 4020 δίψη
1291 3957 1333 3996 νιν

196 4032 336 4098 scribens
358 4053 461 4118 neque
485 4038 596 4101 vitavit
618 4039 768 4122 formam,
798 4061 893 4124 quam
915 4042 1040 4107 tolerari
1062 4061 1153 4126 posse
1174 4063 1274 4128 nego,
1304 4047 1337 4108 et

266 4185 314 4254 9⁸)
332 4183 425 4240 Etiam
444 4185 509 4240 VIII
527 4191 562 4243 68
582 4189 659 4261 [650]
678 4190 814 4261 δειμαίνω,
842 4193 877 4264 μὴ
905 4191 1052 4250 δναυτικός
1078 4191 1182 4264 στρατὸς
1206 4192 1334 4253 κακωθείς

195 4275 240 4330 τὸν
258 4277 333 4340 πεζὸν
351 4277 561 4352 προςδηλιψσηται,
583 4283 654 4350 quod
674 4285 728 4338 iam
747 4285 795 4339 alii
814 4285 948 4352 viderunt,
969 4285 1003 4341 ed
1021 4285 1097 4340 Pers.
1116 4287 1170 4340 730

332 4369 452 4430 ναυτικὸς
471 4372 576 4444 στρατὸς
597 4373 724 4434 κακωθείς
742 4376 816 4438 πεζὸν
835 4376 914 4434 ὤλεσε
932 4376 1036 4452 στρατόν
1107 4383 1221 4448 spectat.

1045 4469 1065 4532 2
