3064 4924
731 297 773 362 23

183 468 318 535 duorum
340 468 557 534 dochmiorum
579 468 715 554 positum
738 474 786 534 est
808 465 955 553 (πάθομεν
977 466 1056 554 ἄχεα
1076 467 1161 554 [nam
1182 467 1228 533 ita
1248 485 1321 532 cum

182 575 368 644 Schwenkio
389 597 445 663 pro
468 573 569 663 ἄχθεα
591 577 775 664 legendum]
798 579 870 662 πρός
892 599 928 663 γε
949 582 1007 641 τῶν
1029 577 1224 662 τεκομένων),
1245 578 1322 642 item

181 686 404 771 explicandum
426 687 569 769 videtum
601 686 705 752 Prona
730 689 792 752 140
821 685 916 771 σύθην
947 687 974 749 δ’
1002 686 1142 758 ἀπέδιλος
1164 684 1229 772 ὄχῳ
1252 708 1324 748 πτε-

182 800 277 880 ρωτῷ,
301 797 386 881 quod
408 798 601 881 1161616116,
624 816 719 881 quem
731 799 898 863 Aeolicum
914 816 982 862 esse
1004 803 1036 863 61
1055 796 1219 872 inIonicis
1236 795 1321 861 clan-

179 904 267 970 anlae
297 905 366 969 loeo
395 905 530 970 libenter
558 907 634 990 poni
653 905 916 971 Wilamowitzius
945 909 1066 989 conset,
1097 905 1136 970 ab
1167 905 1322 989 anacrusi,

177 1034 242 1080 non
264 1035 284 1080 a
304 1014 373 1080 basi
394 1016 534 1099 incipere
556 1015 643 1106 solet
665 1049 707 1059 —

264 1122 316 1188 Ex
340 1124 395 1207 eis,
418 1143 500 1208 quae
522 1124 671 1208 exposui,
704 1123 744 1189 ab
766 1123 940 1188 editoribus
961 1129 1168 1209 augmentum
1189 1122 1318 1206 syllabi-

178 1253 251 1299 cum
273 1239 357 1298 reate
379 1234 425 1297 ibi
446 1234 628 1298 restitutum
651 1251 719 1298 esse
741 1239 877 1318 apparet,
899 1232 955 1298 ubi
977 1233 1045 1298 sive
1058 1234 1124 1298 levi
1143 1237 1321 1298 correctura

179 1327 451 1430 (6311616861
476 1342 705 1427 lcapurotpeB’,
730 1348 765 1408 ut
785 1343 850 1408 iam
862 1342 1033 1426 Byzantini
1054 1342 1198 1408 homines
1220 1342 1320 1408 docti:

177 1451 220 1516 M.
244 1450 478 1535 ἀποφαινόμεθ)
502 1452 570 1516 sive
592 1451 655 1515 aha
677 1470 773 1535 quam
796 1451 933 1535 quaein
955 1452 1063 1516 codice
1085 1455 1133 1515 est
1153 1450 1321 1516 verborum

179 1543 380 1626 distinctione
402 1560 527 1624 restitui
557 1564 666 1645 potest.
717 1558 823 1623 Etiam
853 1556 935 1643 Sept
960 1561 1031 1643 736,
1062 1558 1118 1624 ubi
1139 1558 1181 1622 lt
1204 1555 1321 1641 γείνατο

179 1669 315 1752 exhibet,
337 1667 469 1750 ἐγείνατο
491 1688 565 1733 cum
586 1667 749 1749 Byzantiis
772 1667 974 1732 scribendum
995 1672 1051 1752 est,
1072 1687 1145 1732 nam
1167 1686 1245 1733 sana
1265 1686 1320 1732 an-

178 1780 347 1862 tistrophae
370 1778 466 1842 verba
487 1773 519 1839 τὸ
550 1774 601 1860 μὲν
634 1776 842 1860 corruptelam
865 1776 900 1839 in
923 1777 1049 1862 stropha
1072 1794 1141 1841 esse
1163 1776 1321 1841 evincunt

178 1886 216 1951 In
239 1905 389 1971 suspenso
419 1891 525 1950 autem
552 1885 760 1970 relinquenda
792 1890 866 1949 sunt
887 1885 949 1971 Ag.
974 1885 1058 1949 1110
1080 1883 1192 1970 ἔδραμε
1212 1907 1321 1969 κροκο-

179 1995 295 2080 βαφὴς,
329 1995 592 2060 11616111661116
616 1994 743 2079 Engero
774 1990 969 2078 κροκοβαφὴς
994 1991 1089 2078 apsa
1109 1995 1320 2079 scribendum,

178 2122 215 2168 eo
238 2103 436 2187 potissimum
457 2103 548 2186 redit,
570 2102 648 2186 quid
670 2103 709 2167 de
724 2103 846 2176 ratione
867 2103 1079 2187 responsionis
1100 2104 1249 2169 metricae
1269 2103 1320 2168 iu·

177 2211 328 2295 dicemuS,
350 2216 382 2276 61
401 2212 463 2297 Ag.
487 2211 572 2275 1114
593 2208 792 2296 περεβάλοντο
815 2208 872 2295 γὰρ
895 2211 932 2289 ol,
956 2212 1011 2278 ubi
1033 2213 1240 2295 syllabamve
1262 2233 1319 2278 ex·

175 2320 342 2385 eidendam
364 2339 432 2385 esse
454 2325 596 2385 constare
618 2320 748 2405 quidem
775 2320 915 2404 videtur,
944 2320 1113 2406 sedpoeta
1133 2342 1211 2386 num
1233 2322 1319 2388 abie-

176 2429 255 2493 cerit
284 2428 424 2493 vocalem
454 2428 581 2493 finalem
617 2429 856 2514 praepositionis
884 2427 951 2513 περί
978 2449 1095 2513 necne,
1133 2431 1163 2494 h.
1186 2450 1211 2496 e.
1240 2451 1319 2496 num

178 2538 339 2622 scripserit
359 2536 522 2622 περέβαλον
545 2557 585 2602 an
602 2535 770 2621 περίβαλον,
790 2538 824 2600 in
847 2525 997 2624 ambiguo
1013 2536 1109 2618 6611).
1125 2577 1167 2586 -
1189 2539 1319 2606 Coniec-

176 2652 274 2729 turae,
297 2646 412 2730 quibus
428 2647 530 2710 crihoi
538 2646 695 2728 Aeschylo
711 2652 917 2731 augmentum
931 2647 1119 2729 syllabicam
1133 2649 1254 2734 eripere
1268 2669 1320 2714 oo-

177 2755 243 2819 nati
265 2760 354 2838 sunt,
382 2760 506 2840 praeter
526 2754 739 2840 Engerianam
769 2755 857 2818 illam
879 2756 985 2820 nuhaa
1006 2756 1072 2821 fere
1093 2777 1113 2822 a
1134 2775 1185 2822 me
1207 2758 1319 2823 inven-

177 2868 227 2929 tae
256 2869 346 2946 sunt;
383 2864 439 2928 sed
461 2866 490 2928 si
519 2883 600 2949 quaa
632 2864 666 2927 in
699 2863 881 2948 appendicis
903 2864 1159 2930 Weckleinianae
1188 2866 1317 2932 latebris

177 2973 387 3038 occultasoent
417 2974 486 3054 (nec
514 2972 640 3056 dubito,
670 2973 748 3056 quin
775 2972 822 3036 ibi
850 2992 913 3037 non
943 2993 1008 3038 una
1034 2974 1173 3038 inveniri
1201 2976 1319 3060 possit),

178 3101 386 3167 unaquaeque
414 3083 454 3146 ad
482 3083 645 3146 metricam
672 3101 816 3147 normam
844 3082 997 3147 referatur
1023 3102 1152 3149 necesse
1181 3085 1254 3169 erit,
1283 3090 1319 3152 ut

175 3192 272 3256 fuerit
292 3195 402 3276 poetae
424 3211 519 3256 cansa
541 3191 704 3276 augmenti
733 3179 925 3276 neglegendi
954 3211 993 3256 an
1023 3211 1087 3256 non
1108 3193 1212 3277 fuerit,
1234 3193 1316 3258 diiu-

175 3300 306 3382 dicetur,
330 3300 417 3364 velut
438 3299 524 3365 Pers.
541 3299 816 3364 6496666661
839 3296 891 3362 αἶα
911 3297 1041 3386 κάλυψεν
1064 3321 1120 3386 pro
1143 3298 1184 3366 αἶ’
1206 3299 1316 3370 ἐκάλο-

176 3412 228 3492 ψεν
253 3408 322 3472 sine
344 3407 459 3473 idonea
480 3428 575 3472 causa
596 3409 789 3493 suspicatum
811 3427 880 3474 ease
901 3409 1017 3475 iudico.

261 3517 297 3581 B.
334 3516 386 3581 Ad
398 3522 604 3602 augmentum
616 3518 818 3602 temporale
830 3524 866 3584 ut
875 3523 1040 3602 transeam,
1054 3519 1200 3606 analogia
1211 3527 1316 3608 postu-

134 3715 137 3720 Ι
174 3628 275 3709 latur,
297 3631 333 3690 ut
354 3626 546 3710 ubicumque
569 3626 721 3692 omissum
743 3630 804 3710 est,
832 3627 860 3691 si
881 3646 936 3713 per
957 3631 1093 3692 metrum
1113 3629 1197 3713 licet,
1227 3650 1316 3716 repo

177 3739 271 3799 natur
293 3734 407 3816 (Prom.
430 3735 491 3800 261
513 3753 591 3800 1666.
615 3731 782 3818 ἠλγύνθηνε
807 3732 839 3800 Μ
860 3733 1022 3820 tristabar,
1043 3737 1129 3803 Pers.
1152 3738 1215 3802 655
1236 3759 1318 3808 rece.

175 3842 325 3924 &atbar
351 3842 383 3907 M
411 3843 546 3925 ἀπόλλο).
591 3843 788 3928 Quamquam
812 3845 906 3930 paulo
926 3845 1018 3911 aliter
1038 3863 1072 3910 se
1093 3865 1144 3911 res
1165 3847 1260 3913 habet
1279 3849 1315 3914 in

175 3952 280 4019 verbis
302 3973 321 4018 a
342 3953 536 4048 diphthongo
568 3951 601 4016 εὐ
631 3952 873 4038 incipientibus:
902 3951 1196 4038 Lautensachiusfl)
1227 3959 1313 4024 enim

250 4122 293 4193 16)
312 4121 444 4178 conferas
468 4130 559 4179 autem
584 4123 733 4179 suaset
760 4123 974 4196 περισκήνωσιν,
1001 4126 1120 4197 ruptices>
1137 4125 1214 4182 Pind.
1233 4128 1313 4201 Pytb.

173 4216 215 4272 111
232 4218 276 4285 52,
294 4216 410 4290 πέρ-αὖος
428 4216 506 4272 Nem.
527 4218 567 4273 XI
584 4215 628 4273 40.

132 4375 137 4388 ἢ
249 4310 292 4380 17)
310 4309 513 4366 Verbalflexion
531 4311 557 4366 d.
576 4319 626 4368 att.
644 4308 823 4378 Iuschriften,
849 4325 941 4380 progr.
961 4309 1041 4367 Goth.
1062 4314 1148 4384 18873
1175 4313 1209 4371 cf.
1228 4317 1311 4376 etiarn

174 4403 370 4460 116161611161111
388 4403 439 4458 621
460 4407 501 4460 14.
