3064 4924
675 327 758 400 ‚41

631 552 837 642 Apamemoo.
926 567 929 574 ⁴

172 777 175 786 .
235 716 349 784 Δ196.
393 715 509 786 Verbis

464 821 515 889 καλ
536 821 604 889 τόθ’
625 820 747 910 ἡγεμὼν
771 822 787 887 ό
809 821 879 910 πρέ·
964 811 968 820 ’

465 933 538 1020 σβυς
558 941 632 998 νεῶν
655 927 810 1018 Ἀχαιικῶν
830 967 834 976 ·

467 1038 568 1126 μάντιν
592 1037 626 1104 οὔ
649 1063 713 1105 τινα
735 1041 835 1128 ψέγων
858 1081 899 1091 -

168 1153 299 1222 Caichas
331 1154 370 1219 ob
393 1152 579 1218 vaticinium
611 1165 705 1218 suum
733 1153 808 1218 inde
831 1173 851 1218 s
872 1173 901 1219 v.
925 1154 985 1218 131
1008 1174 1109 1238 usque
1133 1157 1174 1221 ad
1198 1177 1227 1220 ν.
1250 1157 1312 1222 163

168 1265 288 1330 editum
319 1263 359 1328 ab
389 1262 630 1347 Agamemnone
661 1261 857 1345 vituperatus
892 1279 957 1327 non
990 1281 1059 1327 esse
1089 1264 1212 1329 dicitur.
1266 1265 1316 1331 De

170 1373 289 1440 scholio
320 1368 489 1456 περισσεύει
517 1366 550 1432 τό
581 1371 698 1452 πνεῦμα
727 1369 767 1433 ad
798 1388 925 1434 versum
956 1374 1150 1454 postremum
1180 1375 1314 1458 ascripto

169 1483 304 1567 ineptias
325 1479 456 1565 protulit
469 1478 607 1560 Peleius,
629 1481 769 1561 spectare
789 1478 870 1542 illud
892 1477 932 1542 ad
954 1475 1312 1565 ΙοοτίοαοωἋχαιικῶν,

170 1590 283 1674 spiritu
303 1608 413 1673 aspero
434 1588 628 1669 instructam,
650 1589 754 1650 ratus:
777 1604 852 1650 narn
874 1590 959 1652 certe
982 1587 1152 1652 dicendum
1174 1594 1241 1654 erat
1261 1613 1313 1653 πε-

174 1694 302 1781 ρισσεύει
323 1694 356 1759 τὸ
380 1692 479 1758 δασὺ
503 1695 627 1777 πνεῦμα.
673 1693 775 1758 Immo
797 1694 951 1759 scholium
974 1701 1182 1760 correcturum
1205 1700 1312 1783 requi·

136 1831 139 1838 ·
171 1806 220 1872 rit
263 1805 306 1870 nt
324 1805 404 1870 mihi
428 1804 556 1888 quidem
579 1806 688 1866 auctor
709 1803 779 1867 eius
800 1802 969 1881 consilium
991 1808 1110 1888 poetae,
1133 1807 1188 1889 qui
1212 1803 1312 1889 μάντιν

131 1951 134 1956 -
170 1911 271 1977 οὔτινα
293 1914 398 1998 posuit
420 1931 475 1996 pro
499 1906 570 1990 (τὸν)
595 1905 695 1992 μάντιν
720 1906 755 1972 οὔ
776 1932 804 1971 τι
820 1910 867 1990 (ut
878 1911 1023 1976 simfliter
1033 1911 1139 1978 Latini
1157 1916 1313 2000 »nudus«,

169 2026 324 2088 nostrates
355 2020 502 2084 »keiner«
535 2020 697 2102 usurpant)
728 2037 792 2081 non
821 2021 1018 2103 perspexisse
1047 2026 1079 2085 et
1108 2041 1216 2086 secum
1248 2024 1314 2087 vol-

172 2132 256 2197 visse
279 2129 405 2193 videtur
425 2128 460 2190 in
483 2126 545 2209 eis,
577 2144 657 2211 quae
688 2126 896 2209 antecedunt,
930 2146 993 2190 non
1022 2129 1315 2215 compluresvates,

170 2239 347 2306 sedunum
370 2236 571 2301 Oaichantem
593 2235 733 2298 locutum
755 2253 840 2317 esse,
872 2235 956 2299 undo
978 2236 1006 2299 si
1028 2240 1118 2320 poete
1140 2237 1317 2321 scripsisset

171 2343 271 2430 μάντιν
296 2346 347 2426 (sc.
366 2339 541 2428 Κάλχαντα)
565 2339 600 2404 οὐ
622 2340 733 2427 ψέγων,
765 2343 825 2406 hoc
847 2342 1077 2427 suppetiturum
1097 2344 1203 2409 fuisse.
1252 2345 1315 2409 Ita-

172 2473 233 2539 que
256 2452 458 2518 scribendum
488 2468 556 2514 esse
585 2449 707 2513 conicio
729 2446 897 2531 περισσεύει
925 2445 958 2511 τὸ
987 2447 1060 2512 τινά
1116 2449 1217 2527 Quam
1241 2472 1315 2516 con·

170 2563 324 2626 iecturam
346 2556 649 2643 probausSauppius
670 2555 822 2620 mendum
843 2556 888 2620 ita
910 2561 1014 2621 ortum
1036 2576 1104 2622 esse
1126 2577 1195 2655 me
1200 2560 1316 2644 docuit,

173 2671 209 2730 ut
227 2661 327 2727 ΤΙΝΑ
350 2662 473 2727 duabus
487 2661 586 2725 hastis
601 2659 849 2723 coalescentibus
863 2659 899 2722 in
922 2657 1012 2724 ΠΝΑ
1036 2661 1087 2726 vel
1110 2660 1208 2747 UNA,
1230 2683 1314 2728 com·

173 2772 324 2856 pendium
346 2771 432 2835 vocis
454 2770 580 2851 πνεῦμα,
604 2771 863 2850 corrumperetur.

261 2880 352 2942 225.
396 2884 437 2959 τῷ
459 2875 560 2960 τρόπῳ
582 2871 639 2959 γὰρ
663 2872 741 2956 αὐδᾷ
763 2873 778 2934 ὁ
802 2871 902 2957 μάντις
926 2876 1016 2960 δῆλον
1039 2877 1092 2942 ότι.
1142 2880 1192 2944 [ta
1213 2881 1314 2945 codex

172 2992 204 3053 et
217 2985 408 3051 Dindorfius.
446 2982 660 3048 Kirchhoffius
683 2982 940 3049 etWeckleinius
962 2986 1131 3056 ediderunt
1150 2995 1192 3072 τῷ
1213 2989 1314 3074 τρόπῳ

170 3119 217 3180 γρ.
241 3093 320 3178 αὐδᾷ
340 3094 412 3176 κτλ,
434 3094 498 3157 nisi
520 3092 606 3176 quod
628 3091 682 3155 iiie
700 3089 928 3176 Hermannum
949 3093 1001 3158 hic
1016 3093 1170 3162 Oreliium
1191 3097 1315 3162 coniec-

170 3210 259 3270 turae
281 3206 441 3268 auctorem
463 3200 604 3266 afferunt.
657 3197 705 3264 De
728 3200 908 3264 coniectura
937 3203 1104 3284 assenfi0r3
1138 3208 1171 3276 at
1191 3209 1315 3289 praeter

171 3333 240 3378 eam
262 3312 322 3376 hac
344 3329 422 3394 opus
445 3313 493 3374 cst
513 3307 737 3372 dinstinctione
758 3311 801 3392 τῷ
822 3307 932 3393 τρόπῳ.
953 3343 994 3353 -
1016 3332 1062 3393 γρ.
1086 3308 1173 3395 αὐδᾷ,
1198 3311 1217 3374 d
1238 3308 1314 3397 μάν-

169 3443 212 3491 τις
235 3420 326 3502 cato
349 3417 408 3496 ότι,
433 3421 465 3481 et
488 3415 672 3480 distinxisse
694 3415 739 3479 ita
761 3416 854 3480 video
876 3415 1103 3483 Hermannum.

257 3527 350 3590 228·
366 3628 430 3695 ἐπεὶ
453 3627 476 3694 θ’
504 3627 636 3714 ἀνάγκας
657 3625 709 3692 ἔθα
732 3628 877 3694 λέπαδνον

364 3737 470 3826 φρενὸς
492 3737 587 3803 πνέων
612 3739 742 3824 δυσσεβῆ
766 3737 907 3822 τροπαίαν

362 3845 497 3931 ἄναγνον,
521 3845 645 3931 ἀνίερον,
668 3846 756 3910 τόθεν

361 3955 394 4020 τά
417 3957 617 4041 παντότολμον
642 3954 759 4040 φρονεῖν
784 3953 924 4038 μετέγνω.
1060 3949 1063 3956 ’

170 4068 234 4133 sch.
257 4067 297 4131 ed
320 4086 364 4131 vs.
387 4067 451 4129 228
475 4061 537 4127 ἀντὶ
565 4066 618 4126 τοῦ
646 4060 826 4147 ἠναγκάσθη
855 4060 894 4125 τό
917 4063 1020 4128 ποιεῖν.
1065 4064 1150 4142 Quid
1170 4063 1203 4128 τὸ
1227 4067 1312 4152 velit,

171 4194 235 4240 non
258 4176 355 4259 capio.
408 4172 582 4237 Scholiasta
609 4190 673 4235 non
703 4170 884 4234 τόθεν...
911 4170 1041 4254 μετέγνω
1073 4192 1129 4257 pro
1157 4175 1313 4240 sententia

171 4282 322 4368 primaria
345 4281 502 4364 accepisse
525 4278 650 4342 videtur
674 4277 721 4354 (cf.
744 4278 808 4342 sch.
822 4278 885 4341 230
909 4277 979 4340 ὅθεν
1002 4276 1079 4361 ἔγνω
1103 4327 1110 4341 .
1136 4282 1167 4360 .),
1191 4281 1247 4346 sod
1269 4282 1314 4346 ita

171 4389 385 4455 construxisse
419 4383 481 4449 ἐπεὶ
511 4384 538 4448 θ’
569 4381 701 4469 ἀνάγκας
733 4381 785 4447 ἔδυ
814 4383 974 4466 λέπαδνον,
1006 4385 1117 4471 φρενὸς·
1134 4386 1229 4451 πνέων
1253 4388 1311 4474 (ἧν)
