3064 4924
609 1027 612 1036 ’
660 1026 816 1111 Vita.

253 1283 355 1349 Natus
377 1306 448 1350 sum
471 1286 648 1354 Guilelmus
671 1289 887 1353 Eduardus
909 1289 1075 1373 Augustus
1097 1287 1209 1352 Kueek
1230 1307 1257 1352 a
1281 1288 1311 1353 d„

159 1391 229 1454 'VII
251 1391 320 1456 Kal.
342 1391 408 1456 Ian.
431 1414 457 1460 a
482 1393 576 1459 1868i
600 1397 634 1459 in
662 1398 731 1460 vieo
754 1397 964 1460 eeclesiastico
986 1400 1156 1459 concentus
1167 1394 1310 1460 Harbur-

165 1501 273 1584 gensis
294 1495 496 1566 Ηο1100010111Ι
522 1509 608 1586 patre
637 1503 795 1569 Guilelmo
824 1509 1011 1587 mercatore,
1041 1508 1141 1567 matre
1162 1504 1311 1587 Augusta

166 1611 302 1690 egente
324 1606 457 1673 Rusche.
502 1609 541 1672 In
563 1611 669 1674 locum
697 1612 794 1694 patris
825 1615 949 1674 matura
980 1615 1080 1674 meite
1109 1610 1189 1672 mihi
1212 1610 1311 1693 erepti

165 1716 317 1779 suecessit
335 1715 502 1801 Augustus
526 1717 650 1802 Wiese,
673 1719 729 1801 qui
751 1719 871 1801 etipse
893 1721 1047 1781 mereator
1068 1721 1232 1800 paternum
1254 1734 1311 1780 ne-

138 1841 144 1850 ·
166 1823 290 1905 gotium
312 1826 458 1909 suscepit
502 1826 613 1891 Fidem
643 1827 789 1910 profiteor
812 1826 1036 1911 evangelicam.
1088 1825 1168 1889 Cum
1191 1825 1309 1889 duode-

166 1931 285 1994 cimum
308 1951 427 1996 annum
449 1953 593 2018 agerem,
622 1941 767 2019 parentes
795 1935 963 2019 gymnasie
984 1932 1228 2017 Luneburgensi
1250 1932 1308 1997 snb

164 2036 325 2122 Rudelphi
347 2038 495 2125 Haageni
517 2043 667 2126 auspiciis
689 2041 814 2106 florenti
846 2043 1009 2106 alumnum
1030 2059 1081 2104 me
1104 2039 1310 2122 tradiderunt,

164 2146 200 2208 in
231 2165 293 2228 que
323 2149 453 2232 egregia
481 2167 546 2212 non
577 2149 672 2213 unius
699 2150 844 2234 magistri
877 2150 1019 2213 doctrina
1049 2148 1090 2213 ad
1120 2147 1311 2232 philologiae

166 2255 315 2337 antiquae
338 2261 369 2321 et
390 2259 590 2342 germanicae
612 2259 751 2323 studium
775 2259 925 2323 incitatus
947 2277 1026 2322 sum.
1069 2257 1154 2322 Vere
1176 2255 1310 2321 01886ἰ

166 2365 355 2429 maturitatis
377 2367 557 2431 testim0nio
578 2373 722 2432 ornatum
737 2369 820 2432 alma
834 2373 934 2432 mater
944 2365 1117 2450 Lipsiensis
1138 2366 1221 2430 inter
1242 2366 1311 2449 phi-

164 2472 286 2557 lologos
309 2493 359 2538 me
390 2476 523 2558 recepit3
554 2475 610 2539 ubi
631 2476 775 2540 semestri
803 2476 907 2540 studio
937 2477 1047 2538 exacto
1069 2473 1196 2558 perbis
1218 2491 1311 2537 00000

164 2599 289 2646 mansee
311 2582 345 2645 in
368 2584 573 2648 universitate
595 2589 805 2650 commoratus
826 2604 897 2648 sum
918 2583 1126 2648 Berelinensi.
1169 2581 1248 2645 Inde
1270 2580 1310 2645 ab

165 2687 296 2754 hiberno
318 2694 462 2756 semestri
484 2713 510 2757 a.
535 2690 647 2770 18⁸⁷lss
670 2694 749 2758 aivis
769 2693 817 2756 fui
840 2692 995 2776 Georgiae
1017 2692 1198 2776 Augustae,
1228 2689 1310 2753 anti·

166 2794 238 2877 quis
267 2799 457 2880 germanicis
487 2799 711 2890 philosophicis
747 2799 861 2863 studiis
898 2802 1074 2882 occupatus.
1125 2795 1310 2862 Deeuerunt

166 2921 218 2967 me
240 2904 402 2988 imprimis·
410 2905 538 2989 Lipsius
560 2907 769 2971 Waehsmuth
790 2906 957 2971 Windisah
978 2905 1100 2986 Heinae
1121 2905 1310 2991 lipsienses,

164 3007 332 3074 Kirehhoff
351 3011 475 3076 Vahlen
498 3012 616 3077 Rebert
636 3011 725 3078 Diels
754 3013 884 3095 Dilthey
913 3013 1151 3095 Berelinenses,
1184 3011 1308 3097 Sauppe

167 3138 195 3182 v.
218 3117 429 3183 Wilamowitz
451 3120 501 3185 W.
524 3120 635 3204 Meyer
656 3121 770 3202 Heyne
792 3121 912 3186 Roethe
933 3121 1101 3184 Baumann
1122 3119 1307 3185 JGMueller

164 3226 386 3310 Velqna'rdsen
409 3227 650 3313 Gottingenses:
682 3228 798 3312 quibus
819 3229 935 3312 optime
958 3228 998 3292 de
1019 3246 1071 3292 me
1093 3227 1214 3292 meritis
1235 3247 1308 3292 eum

119 3337 125 3344 '
165 3334 311 3399 omnibns
333 3341 401 3399 tum
423 3336 665 3402 Wilamowitzio
695 3335 727 3402 et
747 3337 885 3422 Sauppio
913 3342 945 3402 et
965 3336 1094 3418 Meyero
1116 3335 1309 3420 philologici,

163 3439 290 3522 Heynie
314 3446 345 3504 et
365 3441 499 3506 Roethio
521 3444 697 3528 germanici
719 3443 882 3509 seminarii
903 3441 1086 3524 rectoribus,
1108 3441 1226 3526 gratias
1248 3459 1308 3524 ago

164 3567 342 3614 aramme.
