3064 4924
779 306 821 382 94

315 481 404 556 536.
449 488 571 554 Chorus
593 489 649 573 qui
671 508 713 554 ax
734 489 921 556 Prometheo
945 487 1102 576 quaesivit

400 596 428 659 τί
450 594 507 682 γὰρ
529 596 684 682 πέπρωται
707 594 781 682 Ζηνὶ
804 596 881 683 πλὴν
905 595 953 662 ἀεὶ
974 599 1113 685 κρατεῖν;

227 725 412 790 responsum
434 708 495 772 fort
633 749 646 755 -

402 811 481 876 τοῦτ’
504 810 557 875 οὐκ
580 811 614 876 όν
638 810 688 876 οὖν
710 811 820 878 πύθοιο
845 811 922 899 μηδὲ
944 812 1070 899 λιπάρει.

228 920 266 984 In
289 920 444 985 scholium
466 921 506 984 ad
528 922 614 983 τοῦτο
636 922 806 1006 ascriptum
836 923 1052 989 invehendum
1074 941 1143 988 assa
1165 922 1291 989 videtur
1312 919 1368 1001 ἀεί,

228 1031 264 1093 ut
286 1029 328 1093 sit
350 1027 376 1090 εἰ
398 1025 516 1101 <ἀεὶ>
539 1030 682 1113 κρατήσει
704 1026 763 1092 εἴτε
785 1029 844 1113 μή;
867 1050 941 1095 nam
964 1051 1041 1095 num
1062 1031 1203 1116 Iuppiter
1224 1051 1369 1116 ragnum,

228 1136 421 1220 quodtanat,
443 1155 590 1220 sempor
612 1139 797 1202 tenturus
820 1142 928 1221 assat,
951 1139 1129 1221 quaesitum
1147 1144 1221 1203 arat
1256 1137 1300 1203 of.
1315 1138 1370 1202 A:

230 1240 319 1328 φησὶν
343 1242 393 1306 οὖν
418 1243 433 1305 ὁ
455 1242 636 1328 Προμηθεὺς
659 1245 700 1315 ὡς
730 1241 788 1307 εἴτε
817 1245 990 1329 κρατήσειεν
1015 1241 1081 1307 ἀεὶ
1105 1241 1163 1308 εἴτε
1188 1247 1247 1330 μή,
1281 1245 1371 1308 οὖδα-

228 1357 292 1437 μῶς
313 1352 374 1416 κτλ.

316 1461 408 1524 596.

400 1563 456 1630 ὑπὸ
481 1563 514 1629 δὲ
535 1565 740 1651 κηρόπλαστος
764 1567 863 1654 ὀτοβεῖ
885 1567 972 1640 δόναξ

401 1674 513 1760 ἀχέτας
537 1673 698 1739 ὑπνοδόταν
721 1678 820 1761 νόμον.
842 1699 845 1706 ·

228 1783 282 1848 Ad
303 1784 439 1868 priorem
462 1802 588 1848 versum
609 1783 791 1850 adnotatum
815 1791 863 1850 est
884 1783 950 1847 ἀλλ’
964 1781 1017 1847 οὐκ
1040 1781 1106 1868 ἐμοὶ
1130 1781 1179 1848 διὰ
1200 1781 1233 1847 τὸ
1247 1782 1372 1873 νηστεύ-

230 1913 280 1971 ειν,
306 1889 390 1975 quod
412 1891 494 1956 raiar
517 1893 557 1955 ad
580 1890 741 1955 ὑπνοδόταν
767 1895 839 1958 597.
884 1893 972 1970 Quas
993 1913 1044 1958 ras
1064 1893 1149 1979 fugit
1170 1899 1202 1958 at
1223 1914 1292 1976 sos,
1315 1894 1371 1978 qui

229 1997 382 2063 scholium
404 1997 495 2062 iuxta
515 2018 558 2062 vs.
581 2000 643 2062 596
663 2000 867 2084 αοίίριιοαωαί,
897 2006 929 2065 at
948 2001 1121 2083 librarium,
1144 2003 1200 2086 qui
1223 2003 1256 2071 ίτ
1277 2021 1371 2066 suum

228 2107 263 2171 in
285 2107 429 2191 margine
452 2107 612 2190 appinxit,
643 2113 676 2172 at
696 2105 964 2193 Haimsoathium,
994 2110 1050 2193 qui
1077 2109 1202 2193 scripsit
1223 2107 1301 2172 ἀλλὰ
1329 2111 1371 2170 δι-

230 2210 1370 2297 amm—fflmwfflmmmmfflmfflmo

229 2341 310 2388 rans.
362 2321 485 2405 Restat,
517 2328 552 2387 ut
572 2341 717 2388 moneam
739 2329 808 2408 post
829 2323 896 2407 ἐμοί
917 2325 1066 2390 lineolam
1096 2325 1272 2409 ponendam
1294 2345 1369 2390 asse.

231 2465 273 2476 -
297 2429 443 2496 Getarum
479 2431 613 2495 conferri
643 2437 774 2516 possunt
796 2431 892 2498 verba
920 2434 983 2498 soh.
1005 2433 1061 2498 A.:
1093 2431 1203 2517 insipat
1226 2431 1276 2496 οὖν
1299 2433 1370 2514 ἐστι,-

228 2538 335 2622 κάγὼ
357 2543 496 2622 νῆστις
519 2537 616 2602 οὖσα
638 2538 874 2624 ἐλαύνομαι·
896 2543 1011 2605 τοῦτο
1034 2537 1090 2625 γὰρ
1114 2539 1254 2624 irpinisi
1278 2539 1367 2605 ὑπνο-

229 2646 317 2711 δόταν
339 2647 439 2730 νόμον.

315 2754 388 2820 628.
430 2754 507 2826 τίνες
530 2753 606 2828 όλως
628 2766 685 2821 τῶν
711 2756 914 2840 δοςδαιμόνων
940 2758 1079 2842 μογοῦσιν
1103 2753 1152 2820 οἷα
1174 2757 1252 2840 ἐγώ;
1284 2759 1368 2844 loge-

226 2862 280 2928 bat
301 2860 401 2947 igitur

543 3017 551 3033 .
576 3017 583 3032 .
608 3019 616 3033 .
641 2969 711 3044 δας-

400 3075 548 3162 δαιμόνων
573 3075 711 3161 δὲ’τίνες,
734 3073 763 3141 οἶ

400 3183 415 3246 ἓ
439 3183 463 3265 ἕ,
487 3182 532 3270 οἷ’
556 3183 616 3267 ἐγὼ
641 3187 798 3269 parotium
1245 3271 1250 3279 X

226 3293 291 3356 iam
314 3293 457 3377 sequitur
478 3290 552 3364 τινὲς
575 3291 679 3372 οὕτως,
705 3293 979 3376 <δοςδαιμόνων>
1004 3293 1084 3375 (add.
1095 3291 1201 3376 Dind.)
1227 3296 1267 3357 δε
1283 3307 1366 3376 τινες,

225 3395 273 3461 ἵνα
295 3398 382 3483 λείπῃ
404 3395 437 3461 τὸ
461 3401 582 3478 παῖδας
605 3403 640 3466 in
663 3407 753 3467 textu
768 3403 868 3486 igitur
888 3401 974 3466 idam
995 3402 1131 3487 legebat,
1153 3398 1238 3486 quod
1260 3409 1368 3491 auotor

228 3507 341 3591 prioris
363 3507 483 3591 scholii,
515 3510 578 3573 nisi
603 3509 687 3594 quod
709 3531 784 3579 τινες
805 3529 862 3594 pro
885 3509 1070 3593 pronomine
1092 3509 1256 3575 indefinito
1279 3531 1366 3576 acca·

226 3615 292 3698 pit,
326 3618 362 3678 ut
382 3619 466 3680 recte
488 3615 689 3682 Dindorfium
712 3623 742 3682 et
767 3615 995 3682 Kirohhoffium
1029 3617 1063 3682 in
1086 3617 1204 3682 scholio
1228 3616 1261 3679 δέ
1283 3641 1366 3712 τινες,

225 3721 303 3786 saiso
312 3721 546 3788 Weckleinium
569 3721 602 3786 δὲ
623 3717 707 3795 τίνες
722 3725 883 3809 scripsisse
905 3729 1048 3790 constare
1071 3725 1223 3791 videatur.
1236 3737 1277 3771 -“-
1299 3725 1366 3791 Ho-

226 3830 306 3894 mini
328 3833 435 3915 sagaci
460 3832 643 3898 obvorsatus
666 3834 791 3898 videtur
813 3831 837 3896 Z
862 3835 924 3898 127
949 3835 1002 3912 (ε
1026 3832 1055 3896 Φ
1079 3833 1153 3915 151)

355 3939 561 4023 δυστήνων
586 3940 628 4003 δέ
650 3964 691 4005 τε
712 3942 856 4013 παῖδες
879 3939 941 4026 ἐμιῙ
967 3939 1048 4024 μένει
1070 3937 1235 4005 ἀντιόωσιν.

311 4048 383 4113 678.
428 4049 470 4119 ὡς
492 4046 551 4111 ἀπὸ
574 4059 631 4114 τῶν
655 4048 773 4133 ἀλόγων
798 4047 893 4134 ζῴων.
937 4047 1024 4135 Lago
1046 4045 1094 4112 ἐστὶ
1117 4098 1124 4116 .
1147 4098 1154 4113 .
1180 4097 1188 4116 .
1217 4049 1287 4116 Soh.
1310 4046 1364 4116 Oh:
1498 4027 1499 4030 Ἴ

223 4155 287 4219 809
310 4155 352 4226 ὡς
374 4153 422 4219 ἐπὶ
444 4155 555 4242 ἀνέμου
578 4155 667 4239 εἶπεν,
692 4161 754 4224 842
779 4157 820 4229 ὥς
842 4155 891 4222 ἐπὶ
915 4155 1074 4244 μαχαίρας.

309 4263 395 4330 820.
680 4307 681 4310 =
707 4315 715 4330 .
739 4315 746 4331 .
771 4314 778 4328 .
801 4261 850 4329 ἵνα

395 4371 426 4437 αἱ
449 4371 594 4465 Φορκίδες
615 4373 732 4440 ναίουσι
754 4370 874 4462 δηναιαὶ
896 4371 992 4465 κόραι.
