3064 4924
767 295 808 362 15

301 472 439 560 Agam.
463 469 549 535 790.

409 572 453 639 Σύ
477 573 512 637 δέ
535 596 586 660 μοι
607 568 676 636 τύτε
699 567 750 657 μὲν
775 569 905 636 στέλλων
928 570 1065 658 στρατιάν

404 681 534 768 Ἑλένης
557 679 643 762 ἕνεκ’,
668 677 703 743 ού
726 676 783 764 γάρ
806 681 845 762 (δ)
868 679 1027 764 ἐπικεύσω,

407 788 492 878 κάρτ’
515 786 697 874 ἀπομούσως
719 786 803 873 ἦσθα
825 789 1030 874 γεγραμμένος

408 899 473 964 οὐδ’
496 899 529 963 ed
552 897 708 985 πραπίδων
733 892 821 960 οἴακα
842 896 957 984 νέμων,

408 1007 522 1095 θράσος
545 1056 552 1071 .
577 1056 584 1070 .
608 1055 615 1070 .
640 1005 782 1091 κομίζων.
966 1063 971 1070 .

214 1121 323 1206 Vulgo
345 1124 415 1206 post
434 1117 532 1203 νέμων
563 1117 680 1182 lineola
709 1115 911 1201 distinguunt
939 1122 971 1182 et
998 1118 1043 1182 ita
1064 1121 1159 1185 etiam
1180 1121 1359 1210 Elmsloius,

216 1230 280 1294 nisi
302 1229 385 1314 quod
407 1228 448 1294 ed
470 1226 657 1292 adverbium
685 1221 865 1308 ἀπομούσως
888 1245 962 1290 cum
984 1227 1187 1313 γεγραμμένος
1209 1233 1358 1298 coniunc

215 1343 283 1402 ium
305 1337 467 1403 offendens
489 1328 660 1419 ἀπύμουσύς
681 1333 708 1395 τ’
731 1380 789 1398 ...
814 1339 846 1398 et
867 1329 929 1396 οὔτ’
951 1334 984 1396 ed
1009 1382 1016 1397 .
1040 1383 1047 1398 .
1072 1383 1079 1399 .
1104 1339 1237 1424 scripsit„
1277 1340 1359 1407 Her.

213 1465 350 1510 mannus
371 1450 478 1510 autem
508 1463 581 1509 curn
611 1439 806 1524 ἀπομούσως
827 1442 1030 1527 γεγραμμένος
1052 1446 1147 1510 ferret
1169 1443 1316 1533 υύνέμων
1340 1470 1361 1514 a

213 1553 345 1639 κομίζων
368 1553 505 1639 pendere
526 1551 697 1633 iudicaret,
719 1551 797 1615 haec
819 1551 919 1617 edidit

386 1657 470 1745 κάρτ’
492 1657 675 1743 ἀπομούσως
697 1656 781 1743 ἦσθα
802 1659 1015 1744 γεγραμμένος,

388 1765 452 1831 οὐδ’
475 1766 508 1830 τύ
532 1765 687 1851 πραπίδων
711 1760 800 1828 οἴακα
820 1764 919 1849 νέμων

388 1874 500 1959 θράσος
525 1919 777 1939 .........
782 1871 926 1956 κομίζων.
1164 1953 1167 1960 .
1366 1959 1369 1963 ἱ

216 1983 279 2049 Sed
300 1989 384 2051 recte
406 1983 577 2048 Elmsleius
600 1982 736 2047 offensus
759 1987 823 2065 est,
856 1987 1033 2048 correctius
1062 1984 1231 2050 verborum
1252 1992 1359 2052 tamen

216 2093 455 2158 abstinendum:
491 2090 598 2157 omnia
620 2089 706 2155 enim
736 2090 817 2154 bene
839 2092 1027 2175 procedunt,
1058 2093 1086 2156 si
1107 2094 1359 2178 interpunctione

215 2204 247 2266 et
267 2205 338 2285 post
357 2197 562 2283 γεγραμμένος
584 2203 617 2263 et
635 2200 707 2281 post
726 2193 823 2280 νέμων
847 2197 970 2262 sublata
992 2196 1173 2283 ἀπομούσως
1189 2207 1221 2265 et
1233 2201 1266 2263 εύ
1283 2224 1358 2286 πρα-

213 2304 309 2369 πίδων
332 2300 420 2368 οἴακα
440 2302 538 2387 νέμων
560 2302 601 2366 ad
622 2297 754 2385 κομίζων
776 2302 891 2368 refers:

409 2407 489 2496 κάρτ’
516 2407 699 2495 ἀπομούσως
721 2408 805 2495 ἦσθα
827 2409 1031 2496 γεγραμμένος

411 2518 476 2583 οὐδ’
498 2516 532 2582 εύ
554 2517 709 2604 πραπίδων
731 2513 820 2580 οἴακα
840 2516 938 2603 νέμων

225 2703 228 2708 ,
407 2624 522 2715 δράσας
544 2674 683 2692 .....
707 2625 850 2711 κομίζων.

302 2738 441 2824 Agant
465 2737 552 2802 840.

407 2845 475 2930 ἤτοι
495 2844 616 2915 κέαντες
637 2845 658 2928 ἢ
681 2843 818 2928 τεμόντες
841 2841 995 2928 εύιρρύνως
1080 2888 1094 2900 .

409 2952 635 3038 πειρασόμεσθα
657 2952 733 3036 πῆμ’
756 2950 942 3038 ἀποστρέψαι
963 2951 1062 3016 νόσου.

213 3062 427 3127 Adnotatione
450 3062 585 3145 dignum
606 3060 772 3141 hocloco,
795 3065 831 3123 ut
853 3059 992 3143 videtur,
1024 3060 1126 3144 primo
1148 3079 1242 3126 voces
1263 3059 1356 3124 καίειν

214 3176 246 3236 et
266 3168 378 3252 τέμνειν
402 3169 442 3234 ad
464 3168 689 3254 significandas
712 3186 765 3232 eas
786 3186 853 3251 res,
883 3167 999 3252 quibus
1021 3169 1220 3252 potissimum
1241 3188 1358 3235 munus

212 3278 329 3344 medici
351 3277 538 3360 continetur,
559 3276 720 3360 coniungi.
756 3273 864 3358 Locos,
887 3277 943 3358 qui
965 3276 1075 3341 eedem
1098 3276 1195 3341 verbe
1215 3277 1360 3363 copulata

213 3385 374 3469 exhibent,
395 3382 524 3469 collegit
537 3382 709 3450 Piersonus
729 3382 771 3448 ad
785 3382 880 3448 Moer.
902 3403 932 3468 p.
951 3385 1025 3468 231,
1047 3384 1164 3468 quibus
1185 3385 1266 3451 adde
1277 3385 1357 3452 Plat.

213 3494 308 3579 Gorg.
320 3491 400 3560 456¹)
421 3490 519 3576 τεμεῖν
541 3493 562 3574 ἢ
584 3493 695 3553 καῦσαι
709 3491 874 3576 παρασχεῖν
889 3494 931 3576 τῷ
947 3490 1047 3578 ἰατρῷ,
1074 3499 1106 3559 et
1117 3493 1200 3558 Xen.
1213 3495 1315 3559 ΑΒΝ
1327 3497 1357 3579 8,

214 3605 255 3669 18
277 3600 327 3666 καὶ
350 3599 406 3686 γάρ
429 3601 456 3664 ol
480 3595 573 3684 ἰατροί
596 3597 715 3662 καίουσι
736 3595 786 3662 καί
810 3597 962 3683 τέμνουσιν
986 3599 1033 3663 ἐπ’
1057 3599 1175 3686 ἀγαθῷ.

299 3710 408 3775 Ohoe
415 3709 473 3794 ph.
497 3708 583 3772 290.
629 3705 771 3790 Oresten,
803 3707 858 3790 qui
879 3706 1023 3771 Electrae
1045 3713 1077 3773 et
1097 3709 1221 3774 ancillis
1243 3709 1356 3775 domus

211 3820 330 3904 patriae
353 3816 519 3903 quaesibi
540 3833 660 3900 poenae
689 3815 914 3900 persolvendae
945 3816 1009 3880 sint
1029 3817 1178 3882 mandata
1197 3817 1357 3903 Apollinis

211 3947 275 3992 non
300 3926 486 4011 exsequenti
509 3928 642 4007 enarrat,
664 3929 696 3989 et
716 3923 794 3987 alias
816 3922 906 3989 offert
926 3924 1103 3991 atrocitates
1126 3930 1158 3990 ct
1177 3927 1249 3990 has:

340 4031 390 4098 καί
412 4034 472 4105 τοῖς
494 4031 638 4104 τοιούτοις
661 4028 730 4095 ούτε
750 4037 898 4118 κρατῆρος
921 4032 1010 4117 μέρος
1359 4013 1364 4018 “

341 4139 417 4207 εἴναι
439 4140 607 4227 μετασχεῖν,
632 4138 666 4202 ού
691 4136 891 4226 φιλοσπόνδου
913 4141 1005 4226 λιβός,

343 4250 454 4335 βωμῶν
477 4248 503 4312 τ’
526 4247 676 4333 ἀπείργειν
700 4247 757 4334 ούχ
779 4248 934 4334 ὁρωμένην
957 4246 1067 4334 πατρὸς

344 4363 441 4443 μῆνιν,
466 4355 613 4443 δέχεσθαι
633 4358 842 4446 (iamrasuru,
864 4359 990 4442 deinde)
1012 4355 1080 4422 οὔτε
1102 4355 1238 4424 συλλύειν
1259 4356 1333 4425 τινά.
