3064 4924
725 301 768 366 14

259 474 403 561 Agens
424 472 484 538 45.
689 521 698 538 .
740 521 750 540 .
792 523 801 540 .

330 654 335 664 ,
368 581 472 645 στόλον
494 576 631 664 Ἀργείων
655 578 844 666 χιλιοναύτην

365 688 449 774 τῆςδ’
471 685 531 751 ἀπό
554 689 658 774 χώρας

365 797 441 884 ἦραν
465 845 473 861 .
498 841 542 862 ..

172 904 336 989 Exempla,
358 905 392 967 in
416 902 533 988 quibus
555 901 685 986 stipsis
707 900 816 967 elassis
831 901 1023 971 Graecorum
1036 904 1161 970 Troiam
1181 907 1319 992 profecta

171 1012 260 1078 mille
289 1013 421 1082 navium
451 1011 550 1076 fuisse
580 1009 713 1094 dieitur,
747 1008 905 1076 Stanleius
927 1012 1046 1098 attidit,
1077 1012 1261 1080 Dindorfius
1283 1015 1318 1079 In

173 1121 442 1186 Adnotatienibus
471 1121 539 1188 suis
560 1119 685 1184 retudit:
721 1119 837 1203 quibus
858 1119 939 1184 addo
960 1120 1035 1190 Eur.
1058 1121 1125 1206 Iph.
1146 1122 1178 1186 T.
1203 1123 1243 1186 10
1266 1142 1318 1206 χι-

172 1229 244 1294 λίων
268 1234 347 1294 ναῶν
372 1229 491 1309 στόλον,
526 1228 573 1292 EI
597 1230 616 1291 2
640 1223 715 1311 ἄρας
744 1223 830 1290 ναυσὶ
852 1226 963 1312 χιλίαις
980 1226 1068 1314 Ἄρη,
1100 1230 1168 1314 lplr
1190 1231 1229 1296 A.
1254 1232 1318 1296 174

174 1335 292 1409 ἐλάταις
315 1338 509 1423 χιλιόναυσιν,
533 1337 598 1400 354
620 1339 695 1399 νεῶν
717 1333 833 1420 χιλίων,
856 1335 950 1402 Rhes.
965 1337 1028 1400 262
1051 1337 1202 1422 χιλιόναυν
1226 1361 1318 1423 στρα-

173 1445 263 1526 τείαν,
286 1446 390 1512 Plaut.
403 1445 517 1510 Baeeir
531 1445 594 1508 928
615 1443 703 1509 mille
725 1463 856 1510 numero
878 1446 1018 1529 navium,
1040 1445 1097 1511 Ον.
1119 1452 1192 1512 met.
1213 1447 1315 1514 XIII

173 1555 261 1621 mille
283 1553 462 1645 ratengII
487 1555 528 1618 37
552 1556 584 1618 et
604 1551 688 1616 XIII
711 1552 773 1616 182
795 1552 883 1616 mille
905 1555 1040 1638 carinae,
1059 1553 1143 1620 XIII
1167 1557 1208 1620 93
1229 1555 1317 1622 miIIe

132 1717 134 1720 .
172 1678 299 1744 puppes
344 1657 435 1736 Quod
454 1661 560 1721 autem
573 1656 685 1724 eedem
699 1656 767 1721 Ιοοο
779 1655 963 1722 Dindorfius
977 1656 1166 1742 χιλιοναύτην
1192 1661 1316 1745 »paullo

173 1766 303 1831 durius«
328 1785 384 1850 pro
406 1764 558 1849 χιλιόναυν
589 1764 709 1831 dictum
731 1783 800 1828 esse
823 1763 1000 1848 confimat,
1029 1766 1089 1831 hoc
1109 1767 1191 1830 mihil
1212 1769 1315 1834 valet:

172 1873 342 1938 dicendum
365 1878 432 1938 erat
452 1869 641 1956 χιλιοναύτην
673 1871 767 1936 metri
795 1891 890 1936 causa
920 1891 961 1936 ex
989 1873 1139 1957 χιλιόναυν
1163 1895 1316 1962 propaga·

171 1984 240 2046 tum
262 1999 344 2063 esse,
367 1985 402 2045 ut
424 1998 473 2044 ex.
496 1999 543 2064 gr.
566 1977 713 2063 χερνήτης
735 1979 827 2042 iuxta
847 1974 956 2063 χέρνης
977 1980 1181 2046 mvaniratm.
1225 1982 1316 2049 Post-

170 2107 258 2154 remo
280 2088 320 2152 de
349 2087 455 2172 glossa
475 2109 520 2170 ηρ.
551 2082 624 2148 ἴλιον
649 2083 756 2169 αύτάν,
787 2106 882 2170 quam
911 2088 946 2150 in
974 2089 1120 2172 margine
1149 2090 1254 2174 posuit
1273 2111 1316 2175 m,

170 2215 271 2280 pauca
293 2195 516 2279 subiungenda
537 2199 618 2259 sunt.
662 2194 753 2260 Hane
776 2195 862 2258 enim
883 2194 1051 2262 lectionem
1073 2217 1135 2262 non
1158 2200 1193 2262 in
1214 2200 1315 2283 ipsius

171 2303 293 2370 scribae
322 2303 450 2369 cerebro
481 2307 588 2368 natam
610 2320 679 2368 esse
701 2307 839 2387 constat,
875 2304 991 2388 quippe
1022 2306 1078 2388 qui
1107 2307 1147 2370 de
1170 2326 1229 2372 suo
1257 2308 1315 2372 ali.

173 2412 250 2496 quid
283 2429 459 2496 proponens
491 2407 574 2493 οἶμαι
605 2410 721 2476 addere
752 2411 866 2495 soleat,
898 2411 955 2476 sed
984 2413 1146 2478 inventam
1176 2433 1245 2480 esse
1275 2414 1315 2480 ab

169 2519 225 2588 iile
255 2521 289 2584 in
318 2519 418 2602 libre,
454 2518 539 2584 unde
568 2517 609 2582 M.
642 2519 818 2602 exscriptus
853 2523 907 2584 est.
961 2519 1012 2583 ibi
1041 2521 1141 2606 igitur
1173 2523 1319 2588 exstabat

169 2624 439 2692 ΙΛΙΟΝΑΥΤΗΝ.
491 2626 719 2710 damaetam,
752 2627 805 2691 eui
826 2628 905 2692 haee
934 2628 1087 2712 scriptura
1109 2628 1257 2715 debetur,
1286 2632 1315 2697 si

169 2756 234 2802 non
256 2737 305 2800 vis
335 2735 497 2800 hominem
529 2734 661 2799 stultum
690 2735 832 2800 iudicare
862 2740 947 2816 (nam
968 2733 1059 2800 αὐτόν
1080 2738 1225 2823 ineptum
1248 2742 1316 2825 est),

167 2845 300 2910 fortasse
326 2842 492 2909 librarium
521 2843 556 2905 in
585 2843 792 2927 segregandis
821 2841 935 2907 litteris
965 2862 1086 2909 errasse
1114 2846 1316 2911 statuendum

169 2958 218 3018 est
239 2957 270 3016 et
292 2955 452 3016 auctorem
473 2949 685 3033 coniecturae,
714 2949 817 3013 στόλον
840 2970 905 3016 non
927 2951 967 3016 de
989 2951 1096 3037 classi,
1118 2953 1175 3018 sed
1197 2955 1236 3019 de
1259 2973 1315 3020 ex·

170 3060 271 3126 ereitu
293 3058 413 3124 dictum
435 3075 503 3122 esse
525 3062 639 3140 ratum,
661 3057 833 3122 coniecisse
854 3055 1039 3141 ἰλιο-ναύτην
1064 3061 1116 3139 (=
1140 3061 1201 3125 den
1223 3061 1314 3126 ilios·

168 3167 313 3244 schiffert.
365 3164 533 3249 Ceteroqui
554 3165 684 3229 lectioni
705 3165 740 3228 in
763 3167 873 3231 ordine
904 3167 1072 3232 verborum
1100 3169 1232 3235 traditae
1254 3171 1313 3234 mi-

168 3276 256 3342 nime
276 3273 372 3340 fidem
395 3271 559 3338 detrahere
580 3270 661 3336 vele.

255 3490 390 3574 Agam
414 3487 503 3553 685.

184 3661 187 3666 ,
363 3593 492 3659 Τοσαύτ’
513 3591 645 3665 ἀκούσας
666 3589 730 3658 ἴσθι
751 3593 870 3678 τάληθῆ
893 3593 1032 3660 κλύων.

170 3705 262 3783 Quod
290 3705 326 3770 in
361 3704 453 3770 initio
488 3721 598 3767 versus
636 3703 836 3787 participium
872 3703 980 3770 amisti
1008 3706 1127 3790 legitur
1155 3713 1187 3772 et
1214 3714 1313 3794 poeta,

170 3831 362 3898 quamquam
384 3808 528 3895 pluribus
549 3808 627 3874 loeis
648 3810 765 3877 formas
787 3810 877 3875 verbi
905 3808 1007 3891 νλύο,
1038 3810 1138 3883 κλύεις
1158 3815 1314 3900 formavit,

169 3926 275 3988 temen
296 3917 458 3984 nonnuilis
481 3918 634 3982 aoristum
656 3920 821 4004 usurpavit
842 3918 945 3999 (κλῦθι
967 3919 1022 3985 Oh.
1033 3922 1106 4005 331,
1127 3922 1219 3989 Eum.
1241 3926 1313 4010 324,
1350 3975 1356 3982 .

170 4027 277 4114 Suppl.
290 4028 363 4111 350,
383 4025 473 4087 κλῦτε
487 4023 542 4088 Oh.
555 4026 640 4109 398),
662 4025 842 4111 scripserim
862 4026 983 4090 νλυών.
1026 4027 1133 4094 Etiam
1153 4029 1239 4096 Pers.
1250 4031 1313 4095 269

298 4131 349 4197 καλ
373 4131 431 4225 ρήν
454 4133 557 4218 παρών
581 4155 616 4216 γε
641 4133 692 4215 (M.
714 4134 757 4214 τε)
780 4132 834 4198 κού
857 4134 964 4217 λόγους
986 4132 1084 4201 ἄλλων
1106 4135 1215 4219 κλύων,

301 4241 425 4327 Πέρσαι,
450 4238 597 4327 φράσαιμ’
621 4239 656 4305 ἂν
680 4237 723 4304 οἷ’
746 4238 915 4326 ἐπορσύνθη
938 4240 1017 4306 κακόι

168 4350 372 4437 praetulerim
392 4349 516 4413 νλυόιν.
