3064 4924
694 1248 797 1331 Pers
823 1249 874 1330 ΙΙ.

485 1478 518 1558 ln
544 1480 688 1562 scholia
711 1480 876 1581 Aeschyli
905 1480 1078 1562 medicea

273 1683 341 1761 cap.
364 1685 388 1744 L
432 1685 470 1746 In
492 1687 681 1764 segreganda
702 1685 817 1748 nehelie
838 1686 1047 1749 Alexandrina
1067 1693 1100 1748 et
1119 1685 1295 1764 Byzantina.

304 1868 392 1946 Quae
419 1871 537 1934 scholia
567 1872 670 1936 eidem
698 1874 902 1957 grammatico
936 1873 987 1936 vel
1015 1873 1119 1937 eidem
1147 1872 1270 1936 scholae
1298 1872 1354 1935 tri·

215 1978 342 2042 buende
364 1984 468 2043 essent
487 1981 651 2063 inquirens
666 1982 802 2065 primum
819 2001 872 2047 eos
885 1982 1077 2067 investigare
1091 1981 1197 2046 studui
1212 1976 1352 2063 leeee¹⁸),

215 2085 331 2170 quibus
352 2087 436 2151 idem
453 2089 584 2153 verbum
597 2095 706 2173 poetae
722 2091 832 2154 eedem
847 2092 881 2154 in
896 2090 1023 2155 scholiis
1038 2090 1353 2155 circumscriberetm.

204 2217 268 2304 ⁴Ad
290 2216 398 2300 ἁγνάς
420 2220 548 2303 respicit
567 2219 700 2303 καθαράς
723 2218 771 2284 Se.
795 2221 873 2300 148,
905 2219 1080 2303 ἁγνάρυτος·
1102 2215 1234 2303 καθαρὸν
1258 2218 1352 2303 ῥεῦμα

280 2322 358 2409 ἔχων
381 2324 451 2390 Pro.
474 2327 546 2390 450.

217 2428 308 2516 αἴρω·
332 2431 472 2518 βαστάζω
494 2433 564 2499 Per.
588 2435 668 2519 550,
690 2432 817 2519 ἀέρδην·
843 2434 1044 2519 βαστακτικῶς
1065 2433 1127 2518 Ag.
1151 2434 1222 2498 245.

216 2541 308 2604 αἰών·
333 2541 394 2627 βίος
417 2542 486 2607 Per.
510 2544 582 2627 265,
605 2542 653 2608 Se.
677 2544 750 2623 205,
772 2542 824 2608 Su.
847 2545 899 2627 45,
922 2541 975 2607 Oh.
998 2542 1070 2607 439.

216 2647 361 2734 ἀκμάζει·
394 2649 495 2736 καιρὸς
518 2653 584 2736 ἥκει
607 2651 655 2717 Se.
680 2654 736 2733 95,
769 2649 870 2737 καιρὸν
893 2649 958 2737 ἔχει
980 2651 1117 2737 (legebat
1138 2652 1223 2716 enim
1247 2649 1352 2713 Πειθὼ

281 2759 389 2840 δολία)
412 2760 466 2826 ch.
490 2763 561 2825 722.

215 2867 363 2932 ἀλδαίνω·
387 2866 467 2939 αὔξω
489 2868 560 2934 Pro.
584 2871 656 2953 555,
677 2868 726 2934 Se.
750 2870 799 2933 10.

216 2973 361 3061 ἁμάρτια·
386 2976 586 3062 ἁμαρτήματα
606 2976 676 3042 Per.
700 2978 779 3058 679,
809 2973 955 3060 ἁμαρτία·
979 2974 1179 3058 ἁμαρτήματα
1201 2974 1254 3039 Oh
1279 2976 1350 3040 517.

217 3083 377 3169 ἀμφήκης·
400 3081 466 3156 ὀξὺς
488 3085 517 3155 ἐξ
540 3083 681 3168 ἑκατέρου
705 3083 812 3167 μέρους
834 3082 904 3147 PrO.
929 3083 1001 3165 718,
1023 3079 1090 3161 ἀξάς
1115 3083 1207 3146 1076.

216 3191 421 3277 ἀμφιλέκτως·
456 3188 634 3276 ἀμφιβόλως
664 3191 712 3256 Se.
746 3192 826 3268 794,
865 3188 1060 3274 ἀμφίλεκτος·
1091 3189 1353 3277 ἀμφιβαλλόμενος

281 3302 343 3387 Ag.
355 3304 418 3366 872
442 3303 501 3386 (σχ.
515 3301 668 3384 π.ΤΥ101.),
690 3302 726 3365 ef.
742 3301 838 3365 etiam
856 3299 931 3364 ΗΘΒ.
954 3297 1150 3383 ἀμφίλεκτος·
1174 3297 1350 3383 ἀμφίβολος.

216 3407 308 3491 άναξ·
330 3409 468 3494 βασιλεύς
490 3410 559 3475 Per.
583 3411 655 3493 654,
678 3409 726 3476 Se.
750 3410 822 3492 905,
845 3404 984 3470 ἀνάσσω·
1009 3405 1158 3491 βασιλεύω
1182 3407 1235 3472 Oh.
1260 3408 1331 3472 131.

217 3521 352 3605 ἀνηλιος·
375 3519 407 3584 ὃν
432 3517 509 3603 μηδὲ
529 3521 612 3604 ἥλιος
635 3520 691 3603 ὁρᾷ
712 3518 761 3584 Se.
774 3520 847 3600 843,
870 3516 900 3580 ὃν
924 3512 995 3578 οὐδὲ
1016 3517 1099 3600 ἥλιος
1123 3515 1219 3578 ἐπίδοι
1236 3516 1290 3581 011.
1300 3517 1351 3582 50.

217 3627 350 3699 ἀνταῖος·
373 3625 502 3698 ἐναντίος
524 3627 594 3692 Per.
617 3627 689 3711 607,
711 3626 765 3690 Oh.
789 3625 871 3709 586,
904 3625 1080 3696 δι-ανταῖος·
1103 3623 1132 3694 ἐξ
1155 3623 1286 3696 ἐναντίας
1308 3647 1353 3688 τι-

280 3738 420 3821 τρώσκων
444 3736 498 3801 ch.
522 3738 593 3801 183.

216 3845 394 3931 ἀντηρέτης·
418 3842 591 3928 ἀναστάτης
613 3843 662 3908 Se.
685 3843 759 3924 269,
782 3843 853 3906 983.

218 3951 295 4039 ἀρά·
320 3950 419 4039 βλάβη
440 3952 494 4017 Su.
519 3954 571 4044 85,
593 3951 712 4036 ἀραῖος·
738 3949 902 4034 ἐπιβλαβής
924 3948 973 4015 Se.
989 3951 1050 4014 771
1075 3951 1150 4032 (770
1171 3949 1206 4014 Μ
1228 3946 1353 4034 ἀραίας).

218 4063 343 4149 ἀρήγω·
368 4060 490 4147 βοηοέω
514 4060 563 4126 Se.
587 4060 711 4144 12,13,
735 4058 806 4122 111.

292 4302 335 4370 18)
355 4300 430 4370 Quae
447 4302 476 4356 in
493 4301 546 4355 hec
564 4315 595 4354 re
613 4298 730 4367 reperiri
759 4304 901 4367 poterent,
926 4314 967 4353 me
992 4299 1082 4354 emnia
1100 4297 1142 4353 vel
1159 4311 1247 4366 paene
1265 4296 1355 4352 omnia

220 4393 393 4463 indagavieee
409 4393 576 4451 confidenter
594 4389 731 4448 confirmo.
