<?xml version="1.0" encoding="UTF-8"?>
<!DOCTYPE html PUBLIC "-//W3C//DTD XHTML 1.0 Transitional//EN"
    "http://www.w3.org/TR/xhtml1/DTD/xhtml1-transitional.dtd">
<html xmlns="http://www.w3.org/1999/xhtml" xml:lang="en" lang="en">
 <head>
  <title>
</title>
<meta http-equiv="Content-Type" content="text/html;charset=utf-8" />
  <meta name='ocr-system' content='tesseract 3.04.00' />
  <meta name='ocr-capabilities' content='ocr_page ocr_carea ocr_par ocr_line ocrx_word'/>
</head>
<body>
  <div class='ocr_page' id='page_1' title='image "./studiamaximecri00kuecgoog_0048.png"; bbox 0 0 3064 4924; ppageno 0'>
   <div class='ocr_carea' id='block_1_1' title="bbox 734 327 777 398">
    <p class='ocr_par' dir='ltr' id='par_1_1' title="bbox 734 327 777 398">
     <span class='ocr_line' id='line_1_1' title="bbox 734 327 777 398; baseline -0.093 0"><span class='ocrx_word' id='word_1_1' title='bbox 734 327 777 398; x_wconf 84' lang='lat'>43</span> 
     </span>
    </p>
   </div>
   <div class='ocr_carea' id='block_1_2' title="bbox 182 496 1328 918">
    <p class='ocr_par' dir='ltr' id='par_1_2' title="bbox 378 496 949 699">
     <span class='ocr_line' id='line_1_2' title="bbox 803 496 901 564; baseline 0 -50"><span class='ocrx_word' id='word_1_2' title='bbox 803 496 823 564; x_wconf 60' lang='grc' dir='ltr'><em>ἃ</em></span> <span class='ocrx_word' id='word_1_3' title='bbox 896 503 901 514; x_wconf 93' lang='grc'><em>.</em></span> 
     </span>
     <span class='ocr_line' id='line_1_3' title="bbox 378 498 949 699; baseline 0 -23"><span class='ocrx_word' id='word_1_4' title='bbox 378 607 459 684; x_wconf 77' lang='grc' dir='ltr'>ξένου</span> <span class='ocrx_word' id='word_1_5' title='bbox 483 605 603 683; x_wconf 73' lang='grc' dir='ltr'>ξένοισίν</span> <span class='ocrx_word' id='word_1_6' title='bbox 626 608 704 678; x_wconf 77' lang='grc' dir='ltr'>ἐστιν</span> <span class='ocrx_word' id='word_1_7' title='bbox 725 498 949 699; x_wconf 60' lang='grc' dir='ltr'>ετάμάνέρστιρονς</span> 
     </span>
    </p>

    <p class='ocr_par' dir='ltr' id='par_1_3' title="bbox 182 717 1328 808">
     <span class='ocr_line' id='line_1_4' title="bbox 182 717 1328 808; baseline 0.001 -20"><span class='ocrx_word' id='word_1_8' title='bbox 182 719 382 788; x_wconf 80' lang='lat' dir='ltr'>referendum</span> <span class='ocrx_word' id='word_1_9' title='bbox 404 741 472 788; x_wconf 80' lang='lat' dir='ltr'>esse</span> <span class='ocrx_word' id='word_1_10' title='bbox 494 723 601 789; x_wconf 85' lang='lat' dir='ltr'>iudico</span> <span class='ocrx_word' id='word_1_11' title='bbox 630 722 671 790; x_wconf 82' lang='lat' dir='ltr'>ud</span> <span class='ocrx_word' id='word_1_12' title='bbox 698 722 811 786; x_wconf 81' lang='grc' dir='ltr'>κεδνῶν</span> <span class='ocrx_word' id='word_1_13' title='bbox 834 721 916 786; x_wconf 79' lang='grc' dir='ltr'>ἕκατι</span> <span class='ocrx_word' id='word_1_14' title='bbox 939 717 1121 808; x_wconf 72' lang='grc' dir='ltr'>πραγμάτων</span> <span class='ocrx_word' id='word_1_15' title='bbox 1144 722 1207 790; x_wconf 85' lang='grc'>697</span> <span class='ocrx_word' id='word_1_16' title='bbox 1231 724 1263 790; x_wconf 78' lang='lat' dir='ltr'>et</span> <span class='ocrx_word' id='word_1_17' title='bbox 1285 719 1328 789; x_wconf 83' lang='lat' dir='ltr'>si·</span> 
     </span>
    </p>

    <p class='ocr_par' dir='ltr' id='par_1_4' title="bbox 182 821 1327 918">
     <span class='ocr_line' id='line_1_5' title="bbox 182 821 1327 918; baseline -0.001 -22"><span class='ocrx_word' id='word_1_18' title='bbox 182 832 250 896; x_wconf 90' lang='lat' dir='ltr'>mul</span> <span class='ocrx_word' id='word_1_19' title='bbox 271 832 474 898; x_wconf 86' lang='lat' dir='ltr'>scribendum</span> <span class='ocrx_word' id='word_1_20' title='bbox 498 834 518 917; x_wconf 76' lang='grc' dir='ltr'>ἢ</span> <span class='ocrx_word' id='word_1_21' title='bbox 541 833 604 895; x_wconf 82' lang='grc' dir='ltr'>τοῦ</span> <span class='ocrx_word' id='word_1_22' title='bbox 626 828 731 915; x_wconf 78' lang='grc' dir='ltr'>ἀγαθά</span> <span class='ocrx_word' id='word_1_23' title='bbox 752 821 889 915; x_wconf 70' lang='grc' dir='ltr'>ἀγγεῖλαι</span> <span class='ocrx_word' id='word_1_24' title='bbox 920 834 1029 918; x_wconf 86' lang='lat' dir='ltr'>(genit</span> <span class='ocrx_word' id='word_1_25' title='bbox 1050 831 1175 914; x_wconf 78' lang='lat' dir='ltr'>finalis).</span> <span class='ocrx_word' id='word_1_26' title='bbox 1196 868 1240 880; x_wconf 93' lang='lat'>-</span> <span class='ocrx_word' id='word_1_27' title='bbox 1262 828 1327 896; x_wconf 79' lang='lat' dir='ltr'>Ke-</span> 
     </span>
    </p>
   </div>
   <div class='ocr_carea' id='block_1_3' title="bbox 95 939 1405 1686">
    <p class='ocr_par' dir='ltr' id='par_1_5' title="bbox 95 939 1405 1686">
     <span class='ocr_line' id='line_1_6' title="bbox 183 939 1326 1028; baseline 0.007 -26"><span class='ocrx_word' id='word_1_28' title='bbox 183 939 250 1012; x_wconf 83' lang='grc' dir='ltr'>δνός</span> <span class='ocrx_word' id='word_1_29' title='bbox 272 945 378 1006; x_wconf 84' lang='lat' dir='ltr'>eutem</span> <span class='ocrx_word' id='word_1_30' title='bbox 409 940 570 1026; x_wconf 81' lang='lat' dir='ltr'>aptissime</span> <span class='ocrx_word' id='word_1_31' title='bbox 601 961 658 1028; x_wconf 85' lang='lat' dir='ltr'>per</span> <span class='ocrx_word' id='word_1_32' title='bbox 687 939 803 1024; x_wconf 79' lang='grc' dir='ltr'>ἀγαθάς</span> <span class='ocrx_word' id='word_1_33' title='bbox 826 943 906 1009; x_wconf 87' lang='lat' dir='ltr'>verti</span> <span class='ocrx_word' id='word_1_34' title='bbox 935 962 1029 1008; x_wconf 90' lang='lat' dir='ltr'>nemo</span> <span class='ocrx_word' id='word_1_35' title='bbox 1051 942 1197 1028; x_wconf 80' lang='lat' dir='ltr'>negabit3</span> <span class='ocrx_word' id='word_1_36' title='bbox 1230 943 1326 1010; x_wconf 80' lang='lat' dir='ltr'>etiem</span> 
     </span>
     <span class='ocr_line' id='line_1_7' title="bbox 180 1044 1328 1136; baseline -0.003 -20"><span class='ocrx_word' id='word_1_37' title='bbox 180 1047 237 1116; x_wconf 81' lang='lat' dir='ltr'>Oh.</span> <span class='ocrx_word' id='word_1_38' title='bbox 261 1050 324 1114; x_wconf 81' lang='lat'>108</span> <span class='ocrx_word' id='word_1_39' title='bbox 346 1048 546 1135; x_wconf 81' lang='lat' dir='ltr'>Hartungius</span> <span class='ocrx_word' id='word_1_40' title='bbox 567 1069 610 1115; x_wconf 83' lang='lat' dir='ltr'>ex</span> <span class='ocrx_word' id='word_1_41' title='bbox 631 1050 750 1115; x_wconf 84' lang='lat' dir='ltr'>scholio</span> <span class='ocrx_word' id='word_1_42' title='bbox 778 1048 892 1136; x_wconf 80' lang='grc' dir='ltr'>χέουσα</span> <span class='ocrx_word' id='word_1_43' title='bbox 919 1045 972 1122; x_wconf 83' lang='grc' dir='ltr'>τάς</span> <span class='ocrx_word' id='word_1_44' title='bbox 994 1046 1070 1135; x_wconf 81' lang='grc' dir='ltr'>χοάς</span> <span class='ocrx_word' id='word_1_45' title='bbox 1092 1049 1174 1120; x_wconf 78' lang='grc' dir='ltr'>εὖξαι</span> <span class='ocrx_word' id='word_1_46' title='bbox 1196 1044 1328 1131; x_wconf 77' lang='grc' dir='ltr'>ἀγαθά</span> 
     </span>
     <span class='ocr_line' id='line_1_8' title="bbox 186 1154 1329 1242; baseline 0.003 -22"><span class='ocrx_word' id='word_1_47' title='bbox 186 1203 242 1220; x_wconf 93' lang='grc'>...</span> <span class='ocrx_word' id='word_1_48' title='bbox 266 1159 301 1222; x_wconf 91' lang='lat' dir='ltr'>in</span> <span class='ocrx_word' id='word_1_49' title='bbox 323 1161 413 1222; x_wconf 81' lang='lat' dir='ltr'>textu</span> <span class='ocrx_word' id='word_1_50' title='bbox 435 1178 491 1242; x_wconf 86' lang='lat' dir='ltr'>pro</span> <span class='ocrx_word' id='word_1_51' title='bbox 514 1154 609 1241; x_wconf 82' lang='grc' dir='ltr'>σεμνά</span> <span class='ocrx_word' id='word_1_52' title='bbox 629 1160 770 1242; x_wconf 79' lang='lat' dir='ltr'>reposuit</span> <span class='ocrx_word' id='word_1_53' title='bbox 790 1155 890 1222; x_wconf 86' lang='grc' dir='ltr'>κεδνά.</span> <span class='ocrx_word' id='word_1_54' title='bbox 925 1158 1023 1224; x_wconf 88' lang='lat' dir='ltr'>Porro</span> <span class='ocrx_word' id='word_1_55' title='bbox 1042 1159 1118 1224; x_wconf 82' lang='lat' dir='ltr'>audi</span> <span class='ocrx_word' id='word_1_56' title='bbox 1129 1157 1329 1241; x_wconf 86' lang='lat' dir='ltr'>Roemernm,</span> 
     </span>
     <span class='ocr_line' id='line_1_9' title="bbox 183 1265 1330 1352; baseline 0.001 -22"><span class='ocrx_word' id='word_1_57' title='bbox 183 1266 240 1352; x_wconf 88' lang='lat' dir='ltr'>qui</span> <span class='ocrx_word' id='word_1_58' title='bbox 262 1268 281 1331; x_wconf 94' lang='lat' dir='ltr'>l.</span> <span class='ocrx_word' id='word_1_59' title='bbox 304 1268 323 1330; x_wconf 93' lang='lat' dir='ltr'>l.</span> <span class='ocrx_word' id='word_1_60' title='bbox 346 1288 374 1351; x_wconf 90' lang='lat' dir='ltr'>p.</span> <span class='ocrx_word' id='word_1_61' title='bbox 396 1267 460 1331; x_wconf 84' lang='lat'>230</span> <span class='ocrx_word' id='word_1_62' title='bbox 490 1268 530 1332; x_wconf 88' lang='lat' dir='ltr'>de</span> <span class='ocrx_word' id='word_1_63' title='bbox 559 1266 608 1332; x_wconf 83' lang='lat' dir='ltr'>Se.</span> <span class='ocrx_word' id='word_1_64' title='bbox 633 1268 674 1331; x_wconf 85' lang='lat'>62</span> <span class='ocrx_word' id='word_1_65' title='bbox 697 1286 813 1352; x_wconf 84' lang='lat' dir='ltr'>egens:</span> <span class='ocrx_word' id='word_1_66' title='bbox 854 1265 1034 1350; x_wconf 78' lang='grc' dir='ltr'>ιάσφαλής,</span> <span class='ocrx_word' id='word_1_67' title='bbox 1060 1265 1198 1352; x_wconf 82' lang='grc' dir='ltr'>βέβαιοςα</span> <span class='ocrx_word' id='word_1_68' title='bbox 1222 1267 1330 1350; x_wconf 89' lang='lat' dir='ltr'>inquit</span> 
     </span>
     <span class='ocr_line' id='line_1_10' title="bbox 144 1371 1405 1460; baseline 0.004 -25"><span class='ocrx_word' id='word_1_69' title='bbox 144 1409 148 1413; x_wconf 94' lang='lat'>-</span> <span class='ocrx_word' id='word_1_70' title='bbox 186 1375 291 1439; x_wconf 78' lang='lat' dir='ltr'>»kann</span> <span class='ocrx_word' id='word_1_71' title='bbox 312 1375 408 1439; x_wconf 72' lang='lat' dir='ltr'>lucum</span> <span class='ocrx_word' id='word_1_72' title='bbox 432 1375 772 1460; x_wconf 83' lang='lat' dir='ltr'>eineUmsohreibung</span> <span class='ocrx_word' id='word_1_73' title='bbox 789 1395 850 1440; x_wconf 82' lang='lat' dir='ltr'>von</span> <span class='ocrx_word' id='word_1_74' title='bbox 870 1375 973 1447; x_wconf 83' lang='grc' dir='ltr'>κεὸνὸς</span> <span class='ocrx_word' id='word_1_75' title='bbox 995 1377 1074 1459; x_wconf 84' lang='lat' dir='ltr'>sein,</span> <span class='ocrx_word' id='word_1_76' title='bbox 1096 1376 1152 1440; x_wconf 83' lang='lat' dir='ltr'>des</span> <span class='ocrx_word' id='word_1_77' title='bbox 1174 1376 1249 1440; x_wconf 90' lang='lat' dir='ltr'>eher</span> <span class='ocrx_word' id='word_1_78' title='bbox 1270 1376 1330 1440; x_wconf 85' lang='lat' dir='ltr'>mit</span> <span class='ocrx_word' id='word_1_79' title='bbox 1402 1371 1405 1378; x_wconf 88' lang='grc'><strong>’</strong></span> 
     </span>
     <span class='ocr_line' id='line_1_11' title="bbox 181 1481 1328 1569; baseline 0.003 -24"><span class='ocrx_word' id='word_1_80' title='bbox 181 1481 298 1565; x_wconf 78' lang='grc' dir='ltr'>ἀγαθός</span> <span class='ocrx_word' id='word_1_81' title='bbox 320 1482 466 1567; x_wconf 81' lang='lat' dir='ltr'>gegeben</span> <span class='ocrx_word' id='word_1_82' title='bbox 489 1489 598 1548; x_wconf 73' lang='lat' dir='ltr'>utre«</span> <span class='ocrx_word' id='word_1_83' title='bbox 623 1520 664 1532; x_wconf 91' lang='lat'><em>-</em></span> <span class='ocrx_word' id='word_1_84' title='bbox 687 1483 755 1548; x_wconf 88' lang='lat' dir='ltr'>Nee</span> <span class='ocrx_word' id='word_1_85' title='bbox 776 1504 851 1550; x_wconf 88' lang='lat' dir='ltr'>vero</span> <span class='ocrx_word' id='word_1_86' title='bbox 873 1485 1063 1569; x_wconf 77' lang='lat' dir='ltr'>refragator,</span> <span class='ocrx_word' id='word_1_87' title='bbox 1085 1485 1113 1548; x_wconf 85' lang='lat' dir='ltr'>si</span> <span class='ocrx_word' id='word_1_88' title='bbox 1135 1485 1207 1568; x_wconf 87' lang='lat' dir='ltr'>quis</span> <span class='ocrx_word' id='word_1_89' title='bbox 1227 1484 1328 1548; x_wconf 84' lang='lat' dir='ltr'>Wile-</span> 
     </span>
     <span class='ocr_line' id='line_1_12' title="bbox 95 1587 1328 1686; baseline 0 -32"><span class='ocrx_word' id='word_1_90' title='bbox 95 1681 98 1686; x_wconf 88' lang='lat'>.</span> <span class='ocrx_word' id='word_1_91' title='bbox 181 1591 376 1654; x_wconf 81' lang='lat' dir='ltr'>mowitzium</span> <span class='ocrx_word' id='word_1_92' title='bbox 391 1594 518 1656; x_wconf 84' lang='lat' dir='ltr'>secutus</span> <span class='ocrx_word' id='word_1_93' title='bbox 539 1588 607 1672; x_wconf 81' lang='grc' dir='ltr'>ἤτοι</span> <span class='ocrx_word' id='word_1_94' title='bbox 628 1587 732 1672; x_wconf 83' lang='grc' dir='ltr'>ἀγαὸά</span> <span class='ocrx_word' id='word_1_95' title='bbox 755 1589 891 1673; x_wconf 85' lang='grc' dir='ltr'>ἀγγεῖλαι</span> <span class='ocrx_word' id='word_1_96' title='bbox 913 1591 1104 1675; x_wconf 70' lang='lat' dir='ltr'>praetulerit</span> <span class='ocrx_word' id='word_1_97' title='bbox 1126 1596 1162 1656; x_wconf 89' lang='lat' dir='ltr'>ut</span> <span class='ocrx_word' id='word_1_98' title='bbox 1182 1591 1241 1655; x_wconf 90' lang='lat' dir='ltr'>hoc</span> <span class='ocrx_word' id='word_1_99' title='bbox 1263 1610 1328 1656; x_wconf 91' lang='lat' dir='ltr'>nou</span> 
     </span>
    </p>
   </div>
   <div class='ocr_carea' id='block_1_4' title="bbox 117 1697 1328 1999">
    <p class='ocr_par' dir='ltr' id='par_1_6' title="bbox 117 1697 1328 1999">
     <span class='ocr_line' id='line_1_13' title="bbox 182 1697 1328 1784; baseline -0.003 -18"><span class='ocrx_word' id='word_1_100' title='bbox 182 1699 287 1766; x_wconf 84' lang='lat' dir='ltr'>solum</span> <span class='ocrx_word' id='word_1_101' title='bbox 308 1700 349 1764; x_wconf 83' lang='lat' dir='ltr'>ud</span> <span class='ocrx_word' id='word_1_102' title='bbox 371 1698 468 1763; x_wconf 82' lang='lat' dir='ltr'>verbe</span> <span class='ocrx_word' id='word_1_103' title='bbox 488 1699 601 1762; x_wconf 79' lang='grc' dir='ltr'>κεδνῶν</span> <span class='ocrx_word' id='word_1_104' title='bbox 626 1697 708 1761; x_wconf 78' lang='grc' dir='ltr'>ἕκατι</span> <span class='ocrx_word' id='word_1_105' title='bbox 730 1697 912 1784; x_wconf 81' lang='grc' dir='ltr'>πραγμάτων</span> <span class='ocrx_word' id='word_1_106' title='bbox 935 1701 1102 1783; x_wconf 67' lang='lat' dir='ltr'>referam,</span> <span class='ocrx_word' id='word_1_107' title='bbox 1134 1700 1193 1765; x_wconf 83' lang='lat' dir='ltr'>sed</span> <span class='ocrx_word' id='word_1_108' title='bbox 1213 1700 1254 1766; x_wconf 78' lang='lat' dir='ltr'>ed</span> <span class='ocrx_word' id='word_1_109' title='bbox 1274 1721 1328 1762; x_wconf 87' lang='grc' dir='ltr'>κε-</span> 
     </span>
     <span class='ocr_line' id='line_1_14' title="bbox 117 1804 1227 1900; baseline -0.001 -30"><span class='ocrx_word' id='word_1_110' title='bbox 117 1851 119 1858; x_wconf 78' lang='lat'><em>·</em></span> <span class='ocrx_word' id='word_1_111' title='bbox 184 1807 260 1870; x_wconf 88' lang='grc' dir='ltr'>ὁνῶν</span> <span class='ocrx_word' id='word_1_112' title='bbox 283 1804 325 1867; x_wconf 76' lang='grc' dir='ltr'>ἔκ.</span> <span class='ocrx_word' id='word_1_113' title='bbox 349 1827 388 1889; x_wconf 89' lang='grc' dir='ltr'>πρ</span> <span class='ocrx_word' id='word_1_114' title='bbox 391 1853 523 1871; x_wconf 86' lang='grc'><strong>.....</strong></span> <span class='ocrx_word' id='word_1_115' title='bbox 548 1805 723 1890; x_wconf 77' lang='grc' dir='ltr'>ξενωθῆναι.</span> <span class='ocrx_word' id='word_1_116' title='bbox 1040 1893 1043 1900; x_wconf 29' lang='grc' dir='ltr'>Ι</span> <span class='ocrx_word' id='word_1_117' title='bbox 1225 1896 1227 1900; x_wconf 19' lang='lat'><strong><em>¹</em></strong></span> 
     </span>
     <span class='ocr_line' id='line_1_15' title="bbox 269 1908 1326 1999; baseline 0 -23"><span class='ocrx_word' id='word_1_118' title='bbox 269 1913 359 1977; x_wconf 82' lang='lat'><strong>820.</strong></span> <span class='ocrx_word' id='word_1_119' title='bbox 402 1908 439 1974; x_wconf 87' lang='grc' dir='ltr'>τά</span> <span class='ocrx_word' id='word_1_120' title='bbox 469 1912 569 1984; x_wconf 82' lang='grc' dir='ltr'>καλῶς</span> <span class='ocrx_word' id='word_1_121' title='bbox 601 1911 811 1999; x_wconf 79' lang='grc' dir='ltr'>ἀποβαίνοντα.</span> <span class='ocrx_word' id='word_1_122' title='bbox 843 1909 876 1976; x_wconf 89' lang='grc' dir='ltr'>τὸ</span> <span class='ocrx_word' id='word_1_123' title='bbox 905 1909 975 1996; x_wconf 83' lang='grc' dir='ltr'>ἐμὸν</span> <span class='ocrx_word' id='word_1_124' title='bbox 1008 1911 1113 1997; x_wconf 84' lang='grc' dir='ltr'>κέρδος</span> <span class='ocrx_word' id='word_1_125' title='bbox 1142 1911 1237 1992; x_wconf 76' lang='grc' dir='ltr'>ἐστίν,</span> <span class='ocrx_word' id='word_1_126' title='bbox 1268 1915 1326 1976; x_wconf 91' lang='grc' dir='ltr'>τῶν</span> 
     </span>
    </p>
   </div>
   <div class='ocr_carea' id='block_1_5' title="bbox 141 2015 1327 2105">
    <p class='ocr_par' dir='ltr' id='par_1_7' title="bbox 141 2015 1327 2105">
     <span class='ocr_line' id='line_1_16' title="bbox 141 2015 1327 2105; baseline 0.004 -22"><span class='ocrx_word' id='word_1_127' title='bbox 141 2051 145 2060; x_wconf 65' lang='grc'><strong>’</strong></span> <span class='ocrx_word' id='word_1_128' title='bbox 182 2015 217 2083; x_wconf 82' lang='grc' dir='ltr'>ὁὲ</span> <span class='ocrx_word' id='word_1_129' title='bbox 240 2015 306 2104; x_wconf 73' lang='grc' dir='ltr'>περὶ</span> <span class='ocrx_word' id='word_1_130' title='bbox 325 2015 472 2104; x_wconf 81' lang='grc' dir='ltr'>Ὀρέστην</span> <span class='ocrx_word' id='word_1_131' title='bbox 495 2015 546 2084; x_wconf 77' lang='grc' dir='ltr'>καὶ</span> <span class='ocrx_word' id='word_1_132' title='bbox 558 2015 728 2105; x_wconf 82' lang='grc' dir='ltr'>Ἠλέκτραν</span> <span class='ocrx_word' id='word_1_133' title='bbox 752 2018 912 2105; x_wconf 78' lang='grc' dir='ltr'>ἀπαλλαγὴ</span> <span class='ocrx_word' id='word_1_134' title='bbox 936 2017 1019 2105; x_wconf 84' lang='grc' dir='ltr'>άτης.</span> <span class='ocrx_word' id='word_1_135' title='bbox 1055 2021 1103 2086; x_wconf 83' lang='lat' dir='ltr'>Ite</span> <span class='ocrx_word' id='word_1_136' title='bbox 1114 2020 1327 2089; x_wconf 78' lang='lat' dir='ltr'>Kirchhoffius</span> 
     </span>
    </p>
   </div>
   <div class='ocr_carea' id='block_1_6' title="bbox 75 2117 1328 2215">
    <p class='ocr_par' dir='ltr' id='par_1_8' title="bbox 75 2117 1328 2215">
     <span class='ocr_line' id='line_1_17' title="bbox 75 2117 1328 2215; baseline 0.004 -22"><span class='ocrx_word' id='word_1_137' title='bbox 75 2117 80 2128; x_wconf 86' lang='grc'>’</span> <span class='ocrx_word' id='word_1_138' title='bbox 182 2133 215 2194; x_wconf 88' lang='lat' dir='ltr'>et</span> <span class='ocrx_word' id='word_1_139' title='bbox 236 2128 462 2194; x_wconf 85' lang='lat' dir='ltr'>Weckleiniue.</span> <span class='ocrx_word' id='word_1_140' title='bbox 506 2129 551 2192; x_wconf 81' lang='lat' dir='ltr'>At</span> <span class='ocrx_word' id='word_1_141' title='bbox 574 2129 785 2213; x_wconf 71' lang='lat' dir='ltr'>interpunctio</span> <span class='ocrx_word' id='word_1_142' title='bbox 808 2133 878 2215; x_wconf 86' lang='lat' dir='ltr'>poet</span> <span class='ocrx_word' id='word_1_143' title='bbox 899 2126 1099 2215; x_wconf 78' lang='grc' dir='ltr'>ἀποβαίνοντα</span> <span class='ocrx_word' id='word_1_144' title='bbox 1121 2128 1259 2196; x_wconf 81' lang='lat' dir='ltr'>tollendo</span> <span class='ocrx_word' id='word_1_145' title='bbox 1281 2131 1328 2198; x_wconf 80' lang='lat' dir='ltr'>est</span> 
     </span>
    </p>
   </div>
   <div class='ocr_carea' id='block_1_7' title="bbox 183 2235 679 2306">
    <p class='ocr_par' dir='ltr' id='par_1_9' title="bbox 183 2235 679 2306">
     <span class='ocr_line' id='line_1_18' title="bbox 183 2235 679 2306; baseline 0 -2"><span class='ocrx_word' id='word_1_146' title='bbox 183 2242 215 2304; x_wconf 85' lang='lat' dir='ltr'>et</span> <span class='ocrx_word' id='word_1_147' title='bbox 236 2238 359 2306; x_wconf 79' lang='lat' dir='ltr'>sublate</span> <span class='ocrx_word' id='word_1_148' title='bbox 379 2238 444 2304; x_wconf 84' lang='lat' dir='ltr'>iem</span> <span class='ocrx_word' id='word_1_149' title='bbox 465 2258 485 2304; x_wconf 89' lang='grc' dir='ltr'>ιι</span> <span class='ocrx_word' id='word_1_150' title='bbox 505 2235 679 2304; x_wconf 83' lang='lat' dir='ltr'>Diodorfio</span> 
     </span>
    </p>
   </div>
   <div class='ocr_carea' id='block_1_8' title="bbox 183 2469 1328 3100">
    <p class='ocr_par' dir='ltr' id='par_1_10' title="bbox 183 2469 1328 3100">
     <span class='ocr_line' id='line_1_19' title="bbox 653 2469 859 2537; baseline 0 0"><span class='ocrx_word' id='word_1_151' title='bbox 653 2469 859 2537; x_wconf 75' lang='lat' dir='ltr'>Eumenides.</span> 
     </span>
     <span class='ocr_line' id='line_1_20' title="bbox 271 2571 330 2647; baseline 0 -1"><span class='ocrx_word' id='word_1_152' title='bbox 271 2571 330 2647; x_wconf 84' lang='grc'>66.</span> 
     </span>
     <span class='ocr_line' id='line_1_21' title="bbox 363 2686 1058 2774; baseline 0.001 -23"><span class='ocrx_word' id='word_1_153' title='bbox 363 2687 502 2774; x_wconf 74' lang='grc' dir='ltr'>ἐχθροῖσι</span> <span class='ocrx_word' id='word_1_154' title='bbox 523 2688 584 2760; x_wconf 81' lang='grc' dir='ltr'>τοῖς</span> <span class='ocrx_word' id='word_1_155' title='bbox 607 2687 670 2760; x_wconf 83' lang='grc' dir='ltr'>σοῖς</span> <span class='ocrx_word' id='word_1_156' title='bbox 694 2686 729 2751; x_wconf 79' lang='grc' dir='ltr'>οὔ</span> <span class='ocrx_word' id='word_1_157' title='bbox 751 2688 918 2774; x_wconf 80' lang='grc' dir='ltr'>γενήσομαι</span> <span class='ocrx_word' id='word_1_158' title='bbox 939 2686 1058 2752; x_wconf 72' lang='grc' dir='ltr'>πέπωντ</span> 
     </span>
     <span class='ocr_line' id='line_1_22' title="bbox 186 2794 1326 2882; baseline -0.003 -21"><span class='ocrx_word' id='word_1_159' title='bbox 186 2797 249 2861; x_wconf 84' lang='lat' dir='ltr'>sch.</span> <span class='ocrx_word' id='word_1_160' title='bbox 271 2794 418 2881; x_wconf 79' lang='grc' dir='ltr'>γράφεται</span> <span class='ocrx_word' id='word_1_161' title='bbox 441 2795 579 2882; x_wconf 79' lang='grc' dir='ltr'>πρέπων·</span> <span class='ocrx_word' id='word_1_162' title='bbox 609 2795 667 2882; x_wconf 77' lang='grc' dir='ltr'>οὐχ</span> <span class='ocrx_word' id='word_1_163' title='bbox 688 2797 799 2881; x_wconf 85' lang='grc' dir='ltr'>ὅμοιον.</span> <span class='ocrx_word' id='word_1_164' title='bbox 851 2797 914 2862; x_wconf 90' lang='lat' dir='ltr'>Pro</span> <span class='ocrx_word' id='word_1_165' title='bbox 936 2797 1037 2880; x_wconf 79' lang='grc' dir='ltr'>ὅμοιον</span> <span class='ocrx_word' id='word_1_166' title='bbox 1059 2796 1187 2862; x_wconf 73' lang='lat' dir='ltr'>Peleius</span> <span class='ocrx_word' id='word_1_167' title='bbox 1210 2795 1326 2882; x_wconf 85' lang='grc' dir='ltr'>ὁμοιος;</span> 
     </span>
     <span class='ocr_line' id='line_1_23' title="bbox 184 2883 1328 2991; baseline -0.004 -21"><span class='ocrx_word' id='word_1_168' title='bbox 184 2906 286 2991; x_wconf 86' lang='lat' dir='ltr'>possis</span> <span class='ocrx_word' id='word_1_169' title='bbox 308 2907 403 2971; x_wconf 86' lang='lat' dir='ltr'>etiem</span> <span class='ocrx_word' id='word_1_170' title='bbox 426 2883 548 2990; x_wconf 77' lang='grc' dir='ltr'>ὁμοιῶν,</span> <span class='ocrx_word' id='word_1_171' title='bbox 572 2907 641 2972; x_wconf 92' lang='lat' dir='ltr'>coll.</span> <span class='ocrx_word' id='word_1_172' title='bbox 665 2907 826 2970; x_wconf 77' lang='lat' dir='ltr'>altercer</span> <span class='ocrx_word' id='word_1_173' title='bbox 848 2911 935 2990; x_wconf 79' lang='lat' dir='ltr'>perte</span> <span class='ocrx_word' id='word_1_174' title='bbox 948 2905 1054 2970; x_wconf 88' lang='lat' dir='ltr'>Photii</span> <span class='ocrx_word' id='word_1_175' title='bbox 1076 2907 1182 2990; x_wconf 83' lang='lat' dir='ltr'><strong>glossa</strong></span> <span class='ocrx_word' id='word_1_176' title='bbox 1203 2902 1328 2990; x_wconf 77' lang='grc' dir='ltr'>τρέψαι·</span> 
     </span>
     <span class='ocr_line' id='line_1_24' title="bbox 183 3008 1326 3100; baseline -0.002 -23"><span class='ocrx_word' id='word_1_177' title='bbox 183 3015 331 3100; x_wconf 84' lang='grc' dir='ltr'>ὁμοιῶσαι</span> <span class='ocrx_word' id='word_1_178' title='bbox 352 3011 518 3099; x_wconf 78' lang='grc' dir='ltr'>Αἰσχύλος,</span> <span class='ocrx_word' id='word_1_179' title='bbox 554 3034 595 3080; x_wconf 80' lang='lat' dir='ltr'>ex</span> <span class='ocrx_word' id='word_1_180' title='bbox 617 3015 716 3081; x_wconf 76' lang='lat' dir='ltr'>nitere</span> <span class='ocrx_word' id='word_1_181' title='bbox 737 3033 763 3078; x_wconf 88' lang='lat' dir='ltr'>e.</span> <span class='ocrx_word' id='word_1_182' title='bbox 786 3034 833 3100; x_wconf 86' lang='lat' dir='ltr'>gr.</span> <span class='ocrx_word' id='word_1_183' title='bbox 855 3011 908 3079; x_wconf 76' lang='lat' dir='ltr'>Su</span> <span class='ocrx_word' id='word_1_184' title='bbox 933 3015 994 3078; x_wconf 79' lang='lat'>747</span> <span class='ocrx_word' id='word_1_185' title='bbox 1017 3008 1082 3075; x_wconf 80' lang='grc' dir='ltr'>ἐπεὶ</span> <span class='ocrx_word' id='word_1_186' title='bbox 1103 3011 1219 3076; x_wconf 82' lang='grc' dir='ltr'>τελεία·</span> <span class='ocrx_word' id='word_1_187' title='bbox 1240 3013 1326 3076; x_wconf 82' lang='grc' dir='ltr'>τελε-</span> 
     </span>
    </p>
   </div>
   <div class='ocr_carea' id='block_1_9' title="bbox 184 3118 563 3204">
    <p class='ocr_par' dir='ltr' id='par_1_11' title="bbox 184 3118 563 3204">
     <span class='ocr_line' id='line_1_25' title="bbox 184 3118 563 3204; baseline 0.003 -19"><span class='ocrx_word' id='word_1_188' title='bbox 184 3120 293 3185; x_wconf 78' lang='grc' dir='ltr'>σθεῖσα</span> <span class='ocrx_word' id='word_1_189' title='bbox 316 3121 393 3201; x_wconf 76' lang='lat' dir='ltr'>(scil</span> <span class='ocrx_word' id='word_1_190' title='bbox 416 3118 563 3204; x_wconf 68' lang='grc' dir='ltr'>ἐστίν)”).</span> 
     </span>
    </p>
   </div>
   <div class='ocr_carea' id='block_1_10' title="bbox 180 3374 1327 4466">
    <p class='ocr_par' dir='ltr' id='par_1_12' title="bbox 180 3374 1327 4174">
     <span class='ocr_line' id='line_1_26' title="bbox 255 3374 1327 3450; baseline -0.006 -17"><span class='ocrx_word' id='word_1_191' title='bbox 255 3379 302 3450; x_wconf 80' lang='lat'>23)</span> <span class='ocrx_word' id='word_1_192' title='bbox 322 3377 418 3433; x_wconf 84' lang='lat' dir='ltr'>Obiter</span> <span class='ocrx_word' id='word_1_193' title='bbox 437 3377 522 3432; x_wconf 78' lang='lat' dir='ltr'>hoec:</span> <span class='ocrx_word' id='word_1_194' title='bbox 542 3382 682 3431; x_wconf 79' lang='lat' dir='ltr'>auctorem</span> <span class='ocrx_word' id='word_1_195' title='bbox 699 3374 826 3430; x_wconf 78' lang='lat' dir='ltr'>lectionis</span> <span class='ocrx_word' id='word_1_196' title='bbox 844 3375 947 3448; x_wconf 77' lang='grc' dir='ltr'>πρέπων</span> <span class='ocrx_word' id='word_1_197' title='bbox 965 3390 1062 3431; x_wconf 91' lang='lat' dir='ltr'>moneo</span> <span class='ocrx_word' id='word_1_198' title='bbox 1080 3374 1255 3434; x_wconf 77' lang='lat' dir='ltr'>intransitive</span> <span class='ocrx_word' id='word_1_199' title='bbox 1274 3374 1327 3442; x_wconf 76' lang='lat' dir='ltr'>sig·</span> 
     </span>
     <span class='ocr_line' id='line_1_27' title="bbox 183 3465 1326 3538; baseline -0.003 -14"><span class='ocrx_word' id='word_1_200' title='bbox 183 3469 297 3525; x_wconf 89' lang='lat' dir='ltr'>nificetu</span> <span class='ocrx_word' id='word_1_201' title='bbox 315 3469 368 3524; x_wconf 89' lang='lat' dir='ltr'>hoc</span> <span class='ocrx_word' id='word_1_202' title='bbox 386 3468 498 3523; x_wconf 85' lang='lat' dir='ltr'>verbum</span> <span class='ocrx_word' id='word_1_203' title='bbox 513 3467 638 3537; x_wconf 76' lang='lat' dir='ltr'>posuisse</span> <span class='ocrx_word' id='word_1_204' title='bbox 657 3473 685 3522; x_wconf 86' lang='lat' dir='ltr'>et</span> <span class='ocrx_word' id='word_1_205' title='bbox 704 3467 762 3522; x_wconf 88' lang='lat' dir='ltr'>sine</span> <span class='ocrx_word' id='word_1_206' title='bbox 781 3465 864 3522; x_wconf 89' lang='lat' dir='ltr'>dubio</span> <span class='ocrx_word' id='word_1_207' title='bbox 882 3468 948 3522; x_wconf 89' lang='lat' dir='ltr'>item</span> <span class='ocrx_word' id='word_1_208' title='bbox 967 3475 1128 3536; x_wconf 79' lang='lat' dir='ltr'>usurpatum</span> <span class='ocrx_word' id='word_1_209' title='bbox 1145 3467 1246 3538; x_wconf 80' lang='lat' dir='ltr'>legisse</span> <span class='ocrx_word' id='word_1_210' title='bbox 1263 3467 1326 3521; x_wconf 80' lang='lat' dir='ltr'>eliis</span> 
     </span>
     <span class='ocr_line' id='line_1_28' title="bbox 185 3547 1326 3632; baseline -0.004 -16"><span class='ocrx_word' id='word_1_211' title='bbox 185 3562 253 3617; x_wconf 79' lang='lat' dir='ltr'>locis</span> <span class='ocrx_word' id='word_1_212' title='bbox 273 3561 402 3632; x_wconf 76' lang='lat' dir='ltr'>Aeschyli</span> <span class='ocrx_word' id='word_1_213' title='bbox 421 3559 467 3631; x_wconf 84' lang='lat' dir='ltr'>(cl.</span> <span class='ocrx_word' id='word_1_214' title='bbox 487 3559 533 3615; x_wconf 84' lang='lat' dir='ltr'>Su</span> <span class='ocrx_word' id='word_1_215' title='bbox 553 3547 618 3629; x_wconf 66' lang='grc'>306)</span> <span class='ocrx_word' id='word_1_216' title='bbox 636 3559 679 3615; x_wconf 84' lang='lat' dir='ltr'>rel</span> <span class='ocrx_word' id='word_1_217' title='bbox 706 3559 789 3614; x_wconf 85' lang='lat' dir='ltr'>etiem</span> <span class='ocrx_word' id='word_1_218' title='bbox 807 3559 881 3628; x_wconf 76' lang='lat' dir='ltr'>opud</span> <span class='ocrx_word' id='word_1_219' title='bbox 900 3558 971 3615; x_wconf 81' lang='lat' dir='ltr'>elioe</span> <span class='ocrx_word' id='word_1_220' title='bbox 990 3566 1087 3628; x_wconf 81' lang='lat' dir='ltr'>poetes</span> <span class='ocrx_word' id='word_1_221' title='bbox 1106 3558 1152 3628; x_wconf 84' lang='lat' dir='ltr'>(cl.</span> <span class='ocrx_word' id='word_1_222' title='bbox 1171 3559 1254 3613; x_wconf 85' lang='lat' dir='ltr'>etiem</span> <span class='ocrx_word' id='word_1_223' title='bbox 1272 3557 1326 3612; x_wconf 88' lang='lat' dir='ltr'>He·</span> 
     </span>
     <span class='ocr_line' id='line_1_29' title="bbox 183 3650 1325 3727; baseline -0.003 -18"><span class='ocrx_word' id='word_1_224' title='bbox 183 3655 257 3726; x_wconf 80' lang='lat' dir='ltr'>syth.</span> <span class='ocrx_word' id='word_1_225' title='bbox 271 3655 369 3727; x_wconf 79' lang='grc' dir='ltr'>πρέπις·</span> <span class='ocrx_word' id='word_1_226' title='bbox 390 3652 509 3724; x_wconf 77' lang='grc' dir='ltr'>ὁμοίωσις</span> <span class='ocrx_word' id='word_1_227' title='bbox 528 3653 652 3725; x_wconf 61' lang='grc' dir='ltr'>[πρέπειν</span> <span class='ocrx_word' id='word_1_228' title='bbox 673 3651 992 3722; x_wconf 79' lang='grc' dir='ltr'>ὡμοίωσαιΜεὶκεΙτίιισ],</span> <span class='ocrx_word' id='word_1_229' title='bbox 1011 3653 1116 3724; x_wconf 71' lang='grc' dir='ltr'>πρέπον·</span> <span class='ocrx_word' id='word_1_230' title='bbox 1136 3650 1245 3722; x_wconf 89' lang='grc' dir='ltr'>ὁμοιον.)</span> <span class='ocrx_word' id='word_1_231' title='bbox 1280 3650 1325 3706; x_wconf 83' lang='lat' dir='ltr'>Ex</span> 
     </span>
     <span class='ocr_line' id='line_1_30' title="bbox 180 3744 1326 3817; baseline -0.003 -14"><span class='ocrx_word' id='word_1_232' title='bbox 180 3747 224 3803; x_wconf 88' lang='lat' dir='ltr'>hie</span> <span class='ocrx_word' id='word_1_233' title='bbox 242 3747 362 3816; x_wconf 87' lang='lat' dir='ltr'>primum</span> <span class='ocrx_word' id='word_1_234' title='bbox 380 3745 499 3802; x_wconf 81' lang='lat' dir='ltr'>efficitur</span> <span class='ocrx_word' id='word_1_235' title='bbox 523 3747 547 3802; x_wconf 85' lang='lat' dir='ltr'>ei</span> <span class='ocrx_word' id='word_1_236' title='bbox 572 3744 646 3815; x_wconf 77' lang='lat' dir='ltr'>apuu</span> <span class='ocrx_word' id='word_1_237' title='bbox 664 3744 793 3802; x_wconf 87' lang='lat' dir='ltr'>Photium</span> <span class='ocrx_word' id='word_1_238' title='bbox 810 3745 926 3813; x_wconf 75' lang='lat' dir='ltr'>legimns</span> <span class='ocrx_word' id='word_1_239' title='bbox 944 3745 1050 3817; x_wconf 77' lang='grc' dir='ltr'>τρέψαι·</span> <span class='ocrx_word' id='word_1_240' title='bbox 1070 3744 1207 3816; x_wconf 74' lang='grc' dir='ltr'>ὁμοιῶσαι,</span> <span class='ocrx_word' id='word_1_241' title='bbox 1234 3758 1326 3813; x_wconf 79' lang='lat' dir='ltr'>quem·</span> 
     </span>
     <span class='ocr_line' id='line_1_31' title="bbox 182 3837 1325 3912; baseline -0.005 -14"><span class='ocrx_word' id='word_1_242' title='bbox 182 3855 264 3910; x_wconf 84' lang='lat' dir='ltr'>quem</span> <span class='ocrx_word' id='word_1_243' title='bbox 283 3840 385 3912; x_wconf 74' lang='grc' dir='ltr'>ὁμοιοῦν</span> <span class='ocrx_word' id='word_1_244' title='bbox 404 3840 527 3910; x_wconf 78' lang='lat' dir='ltr'>intellegi</span> <span class='ocrx_word' id='word_1_245' title='bbox 544 3845 637 3910; x_wconf 84' lang='lat' dir='ltr'>potest</span> <span class='ocrx_word' id='word_1_246' title='bbox 654 3837 682 3894; x_wconf 88' lang='lat' dir='ltr'>&#39;et</span> <span class='ocrx_word' id='word_1_247' title='bbox 693 3853 745 3910; x_wconf 81' lang='lat' dir='ltr'>pro</span> <span class='ocrx_word' id='word_1_248' title='bbox 767 3837 899 3894; x_wconf 82' lang='lat' dir='ltr'>»similem</span> <span class='ocrx_word' id='word_1_249' title='bbox 911 3852 988 3894; x_wconf 77' lang='lat' dir='ltr'>esse«</span> <span class='ocrx_word' id='word_1_250' title='bbox 1008 3844 1036 3894; x_wconf 88' lang='lat' dir='ltr'>et</span> <span class='ocrx_word' id='word_1_251' title='bbox 1055 3853 1107 3907; x_wconf 86' lang='lat' dir='ltr'>pro</span> <span class='ocrx_word' id='word_1_252' title='bbox 1122 3851 1325 3908; x_wconf 80' lang='lat' dir='ltr'>»comparere«,</span> 
     </span>
     <span class='ocr_line' id='line_1_32' title="bbox 183 3917 1326 4002; baseline -0.006 -9"><span class='ocrx_word' id='word_1_253' title='bbox 183 3939 275 3993; x_wconf 82' lang='lat' dir='ltr'>temen</span> <span class='ocrx_word' id='word_1_254' title='bbox 293 3934 377 3993; x_wconf 82' lang='lat' dir='ltr'>etiem</span> <span class='ocrx_word' id='word_1_255' title='bbox 395 3932 469 4002; x_wconf 78' lang='lat' dir='ltr'>opud</span> <span class='ocrx_word' id='word_1_256' title='bbox 492 3947 553 3988; x_wconf 87' lang='lat' dir='ltr'>eum</span> <span class='ocrx_word' id='word_1_257' title='bbox 580 3932 701 4001; x_wconf 87' lang='lat' dir='ltr'>priorem</span> <span class='ocrx_word' id='word_1_258' title='bbox 728 3936 835 3986; x_wconf 84' lang='lat' dir='ltr'>tentum</span> <span class='ocrx_word' id='word_1_259' title='bbox 861 3928 1088 4000; x_wconf 78' lang='lat' dir='ltr'>significationem</span> <span class='ocrx_word' id='word_1_260' title='bbox 1115 3917 1326 4000; x_wconf 78' lang='lat' dir='ltr'>intellegentem</span> 
     </span>
     <span class='ocr_line' id='line_1_33' title="bbox 184 4021 1325 4097; baseline -0.002 -14"><span class='ocrx_word' id='word_1_261' title='bbox 184 4041 245 4083; x_wconf 89' lang='lat' dir='ltr'>esse</span> <span class='ocrx_word' id='word_1_262' title='bbox 264 4028 304 4097; x_wconf 90' lang='lat' dir='ltr'>(et</span> <span class='ocrx_word' id='word_1_263' title='bbox 322 4026 363 4081; x_wconf 84' lang='lat' dir='ltr'>eie</span> <span class='ocrx_word' id='word_1_264' title='bbox 382 4040 432 4094; x_wconf 76' lang='lat' dir='ltr'>ego</span> <span class='ocrx_word' id='word_1_265' title='bbox 451 4024 558 4096; x_wconf 76' lang='lat' dir='ltr'>cupre),</span> <span class='ocrx_word' id='word_1_266' title='bbox 577 4021 903 4092; x_wconf 75' lang='lat' dir='ltr'>deinieAg.1326‚loco</span> <span class='ocrx_word' id='word_1_267' title='bbox 922 4023 1062 4092; x_wconf 87' lang='lat' dir='ltr'>ceteroqui</span> <span class='ocrx_word' id='word_1_268' title='bbox 1080 4037 1124 4078; x_wconf 90' lang='lat' dir='ltr'>me</span> <span class='ocrx_word' id='word_1_269' title='bbox 1142 4022 1232 4079; x_wconf 84' lang='lat' dir='ltr'>iudice</span> <span class='ocrx_word' id='word_1_270' title='bbox 1248 4037 1325 4090; x_wconf 81' lang='lat' dir='ltr'>seno,</span> 
     </span>
     <span class='ocr_line' id='line_1_34' title="bbox 182 4117 565 4174; baseline -0.005 -1"><span class='ocrx_word' id='word_1_271' title='bbox 182 4117 282 4174; x_wconf 77' lang='lat' dir='ltr'>soleam</span> <span class='ocrx_word' id='word_1_272' title='bbox 301 4132 361 4174; x_wconf 88' lang='lat' dir='ltr'>esse</span> <span class='ocrx_word' id='word_1_273' title='bbox 380 4117 565 4174; x_wconf 80' lang='lat' dir='ltr'>coniecturum</span> 
     </span>
    </p>

    <p class='ocr_par' dir='ltr' id='par_1_13' title="bbox 181 4205 1034 4466">
     <span class='ocr_line' id='line_1_35' title="bbox 207 4205 967 4282; baseline -0.005 -18"><span class='ocrx_word' id='word_1_274' title='bbox 207 4211 210 4219; x_wconf 86' lang='lat'>&#39;</span> <span class='ocrx_word' id='word_1_275' title='bbox 400 4211 450 4263; x_wconf 75' lang='grc' dir='ltr'>,ἰῶ</span> <span class='ocrx_word' id='word_1_276' title='bbox 471 4209 570 4282; x_wconf 85' lang='grc' dir='ltr'>βρότεια</span> <span class='ocrx_word' id='word_1_277' title='bbox 588 4205 728 4282; x_wconf 83' lang='grc' dir='ltr'>πράγματ’·</span> <span class='ocrx_word' id='word_1_278' title='bbox 749 4206 903 4280; x_wconf 70' lang='grc' dir='ltr'>εὐτυχοῦντα</span> <span class='ocrx_word' id='word_1_279' title='bbox 922 4208 967 4278; x_wconf 71' lang='grc' dir='ltr'>μὲν</span> 
     </span>
     <span class='ocr_line' id='line_1_36' title="bbox 420 4301 733 4374; baseline -0.006 -18"><span class='ocrx_word' id='word_1_280' title='bbox 420 4307 482 4374; x_wconf 79' lang='grc' dir='ltr'>σκιᾷ</span> <span class='ocrx_word' id='word_1_281' title='bbox 501 4321 537 4362; x_wconf 84' lang='grc' dir='ltr'>τις</span> <span class='ocrx_word' id='word_1_282' title='bbox 555 4301 585 4354; x_wconf 80' lang='grc' dir='ltr'>ἂν</span> <span class='ocrx_word' id='word_1_283' title='bbox 603 4301 733 4374; x_wconf 71' lang='grc' dir='ltr'>πρέψειεν,</span> 
     </span>
     <span class='ocr_line' id='line_1_37' title="bbox 181 4391 1034 4466; baseline -0.007 -14"><span class='ocrx_word' id='word_1_284' title='bbox 181 4399 279 4466; x_wconf 82' lang='lat' dir='ltr'>utpote</span> <span class='ocrx_word' id='word_1_285' title='bbox 297 4395 445 4452; x_wconf 80' lang='lat' dir='ltr'>transitive</span> <span class='ocrx_word' id='word_1_286' title='bbox 462 4392 592 4451; x_wconf 84' lang='lat' dir='ltr'>Photieni</span> <span class='ocrx_word' id='word_1_287' title='bbox 610 4393 686 4451; x_wconf 88' lang='lat' dir='ltr'>illins</span> <span class='ocrx_word' id='word_1_288' title='bbox 706 4391 830 4465; x_wconf 81' lang='grc' dir='ltr'>ὁμοιῶσαι</span> <span class='ocrx_word' id='word_1_289' title='bbox 848 4391 876 4448; x_wconf 88' lang='lat' dir='ltr'>ri</span> <span class='ocrx_word' id='word_1_290' title='bbox 894 4391 1034 4450; x_wconf 86' lang='lat' dir='ltr'>nitentem.</span> 
     </span>
    </p>
   </div>
   <div class='ocr_carea' id='block_1_11' title="bbox 0 0 1536 4924">
    <p class='ocr_par' dir='ltr' id='par_1_14' title="bbox 0 0 1536 4924">
     <span class='ocr_line' id='line_1_38' title="bbox 0 0 1536 4924; baseline 0 0"><span class='ocrx_word' id='word_1_291' title='bbox 0 0 1536 4924; x_wconf 95' lang='lat' dir='ltr'> </span> 
     </span>
    </p>
   </div>
  </div>
 </body>
</html>
