<?xml version="1.0" encoding="UTF-8"?>
<!DOCTYPE html PUBLIC "-//W3C//DTD XHTML 1.0 Transitional//EN"
    "http://www.w3.org/TR/xhtml1/DTD/xhtml1-transitional.dtd">
<html xmlns="http://www.w3.org/1999/xhtml" xml:lang="en" lang="en">
 <head>
  <title>
</title>
<meta http-equiv="Content-Type" content="text/html;charset=utf-8" />
  <meta name='ocr-system' content='tesseract 3.04.00' />
  <meta name='ocr-capabilities' content='ocr_page ocr_carea ocr_par ocr_line ocrx_word'/>
</head>
<body>
  <div class='ocr_page' id='page_1' title='image "./studiamaximecri00kuecgoog_0047.png"; bbox 0 0 3064 4924; ppageno 0'>
   <div class='ocr_carea' id='block_1_1' title="bbox 774 311 816 382">
    <p class='ocr_par' dir='ltr' id='par_1_1' title="bbox 774 311 816 382">
     <span class='ocr_line' id='line_1_1' title="bbox 774 311 816 382; baseline -0.048 0"><span class='ocrx_word' id='word_1_1' title='bbox 774 311 816 382; x_wconf 76' lang='lat'>42</span> 
     </span>
    </p>
   </div>
   <div class='ocr_carea' id='block_1_2' title="bbox 222 475 1364 1894">
    <p class='ocr_par' dir='ltr' id='par_1_2' title="bbox 223 475 1360 902">
     <span class='ocr_line' id='line_1_2' title="bbox 225 475 1359 577; baseline 0.003 -28"><span class='ocrx_word' id='word_1_2' title='bbox 225 481 355 574; x_wconf 79' lang='grc' dir='ltr'>δυσσεβῆ</span> <span class='ocrx_word' id='word_1_3' title='bbox 389 483 547 574; x_wconf 76' lang='grc' dir='ltr'>τροπαίαν,</span> <span class='ocrx_word' id='word_1_4' title='bbox 579 506 642 577; x_wconf 80' lang='lat' dir='ltr'>que</span> <span class='ocrx_word' id='word_1_5' title='bbox 679 484 718 555; x_wconf 86' lang='lat' dir='ltr'>de</span> <span class='ocrx_word' id='word_1_6' title='bbox 747 504 842 553; x_wconf 81' lang='lat' dir='ltr'>oense</span> <span class='ocrx_word' id='word_1_7' title='bbox 872 483 976 556; x_wconf 82' lang='lat' dir='ltr'>scribo</span> <span class='ocrx_word' id='word_1_8' title='bbox 996 475 1069 551; x_wconf 85' lang='grc' dir='ltr'>’ἀντί</span> <span class='ocrx_word' id='word_1_9' title='bbox 1101 485 1154 550; x_wconf 77' lang='grc' dir='ltr'>τοῦ</span> <span class='ocrx_word' id='word_1_10' title='bbox 1183 481 1359 575; x_wconf 71' lang='grc' dir='ltr'>ἠναγκάσθη</span> 
     </span>
     <span class='ocr_line' id='line_1_3' title="bbox 224 593 1359 683; baseline 0.006 -26"><span class='ocrx_word' id='word_1_11' title='bbox 224 596 339 659; x_wconf 82' lang='grc' dir='ltr'>τοῦτο</span> <span class='ocrx_word' id='word_1_12' title='bbox 360 598 453 661; x_wconf 84' lang='grc' dir='ltr'>ποιεῖν</span> <span class='ocrx_word' id='word_1_13' title='bbox 477 599 553 680; x_wconf 88' lang='lat' dir='ltr'>(soil.</span> <span class='ocrx_word' id='word_1_14' title='bbox 576 593 683 683; x_wconf 81' lang='grc' dir='ltr'>φρενός</span> <span class='ocrx_word' id='word_1_15' title='bbox 705 595 784 660; x_wconf 82' lang='grc' dir='ltr'>πνεῖν</span> <span class='ocrx_word' id='word_1_16' title='bbox 808 595 938 681; x_wconf 78' lang='grc' dir='ltr'>δυσσεβῆ</span> <span class='ocrx_word' id='word_1_17' title='bbox 962 593 1125 680; x_wconf 81' lang='grc' dir='ltr'>τροπαίαν).</span> <span class='ocrx_word' id='word_1_18' title='bbox 1143 634 1186 646; x_wconf 88' lang='grc'>-</span> <span class='ocrx_word' id='word_1_19' title='bbox 1209 596 1359 664; x_wconf 81' lang='lat' dir='ltr'>Similiter</span> 
     </span>
     <span class='ocr_line' id='line_1_4' title="bbox 223 699 1360 792; baseline 0.004 -24"><span class='ocrx_word' id='word_1_20' title='bbox 223 704 285 790; x_wconf 84' lang='lat' dir='ltr'>Ag.</span> <span class='ocrx_word' id='word_1_21' title='bbox 310 706 395 770; x_wconf 82' lang='lat'>1124</span> <span class='ocrx_word' id='word_1_22' title='bbox 423 709 458 772; x_wconf 89' lang='lat' dir='ltr'>in</span> <span class='ocrx_word' id='word_1_23' title='bbox 480 707 574 773; x_wconf 82' lang='lat' dir='ltr'>schol.</span> <span class='ocrx_word' id='word_1_24' title='bbox 595 706 756 773; x_wconf 85' lang='lat' dir='ltr'>Victorius</span> <span class='ocrx_word' id='word_1_25' title='bbox 783 725 839 792; x_wconf 93' lang='lat' dir='ltr'>pro</span> <span class='ocrx_word' id='word_1_26' title='bbox 870 699 902 768; x_wconf 85' lang='grc' dir='ltr'>τύ</span> <span class='ocrx_word' id='word_1_27' title='bbox 933 705 1059 792; x_wconf 82' lang='lat' dir='ltr'>scripsit</span> <span class='ocrx_word' id='word_1_28' title='bbox 1088 707 1175 772; x_wconf 80' lang='grc' dir='ltr'>τούτο</span> <span class='ocrx_word' id='word_1_29' title='bbox 1205 711 1236 776; x_wconf 89' lang='lat' dir='ltr'>et</span> <span class='ocrx_word' id='word_1_30' title='bbox 1265 705 1360 776; x_wconf 85' lang='lat' dir='ltr'>Ober-</span> 
     </span>
     <span class='ocr_line' id='line_1_5' title="bbox 224 811 1028 902; baseline -0.002 -25"><span class='ocrx_word' id='word_1_31' title='bbox 224 813 348 879; x_wconf 81' lang='lat' dir='ltr'>diokius</span> <span class='ocrx_word' id='word_1_32' title='bbox 369 817 404 878; x_wconf 91' lang='lat' dir='ltr'>in</span> <span class='ocrx_word' id='word_1_33' title='bbox 426 816 489 880; x_wconf 88' lang='lat' dir='ltr'>soh.</span> <span class='ocrx_word' id='word_1_34' title='bbox 511 815 560 880; x_wconf 82' lang='lat' dir='ltr'>Se.</span> <span class='ocrx_word' id='word_1_35' title='bbox 585 816 646 880; x_wconf 79' lang='lat'>757</span> <span class='ocrx_word' id='word_1_36' title='bbox 668 834 724 902; x_wconf 89' lang='lat' dir='ltr'>pro</span> <span class='ocrx_word' id='word_1_37' title='bbox 745 815 832 878; x_wconf 82' lang='grc' dir='ltr'>τοῦτο</span> <span class='ocrx_word' id='word_1_38' title='bbox 853 811 895 876; x_wconf 87' lang='grc' dir='ltr'>τό.</span> <span class='ocrx_word' id='word_1_39' title='bbox 1026 847 1028 854; x_wconf 53' lang='lat'>1</span> 
     </span>
    </p>

    <p class='ocr_par' dir='ltr' id='par_1_3' title="bbox 225 919 1360 1096">
     <span class='ocr_line' id='line_1_6' title="bbox 314 919 1360 1011; baseline 0.001 -26"><span class='ocrx_word' id='word_1_40' title='bbox 314 924 331 984; x_wconf 96' lang='grc'>1</span> <span class='ocrx_word' id='word_1_41' title='bbox 347 923 436 987; x_wconf 83' lang='grc'>141.</span> <span class='ocrx_word' id='word_1_42' title='bbox 480 926 566 987; x_wconf 81' lang='grc' dir='ltr'>τοῦτο</span> <span class='ocrx_word' id='word_1_43' title='bbox 587 921 722 1011; x_wconf 76' lang='grc' dir='ltr'>ἡδομένη</span> <span class='ocrx_word' id='word_1_44' title='bbox 738 927 774 1006; x_wconf 78' lang='grc' dir='ltr'>τῇ</span> <span class='ocrx_word' id='word_1_45' title='bbox 790 920 1021 1007; x_wconf 72' lang='grc' dir='ltr'>μεταμορφῶσαι</span> <span class='ocrx_word' id='word_1_46' title='bbox 1035 923 1089 1004; x_wconf 80' lang='grc' dir='ltr'>τῆς</span> <span class='ocrx_word' id='word_1_47' title='bbox 1111 919 1239 1008; x_wconf 78' lang='grc' dir='ltr'>ἀηδόνος</span> <span class='ocrx_word' id='word_1_48' title='bbox 1262 921 1360 1008; x_wconf 89' lang='grc' dir='ltr'>φησίν.</span> 
     </span>
     <span class='ocr_line' id='line_1_7' title="bbox 225 1027 416 1096; baseline 0.01 -2"><span class='ocrx_word' id='word_1_49' title='bbox 225 1027 354 1094; x_wconf 85' lang='lat' dir='ltr'>Referas</span> <span class='ocrx_word' id='word_1_50' title='bbox 375 1030 416 1096; x_wconf 80' lang='lat' dir='ltr'>sd</span> 
     </span>
    </p>

    <p class='ocr_par' dir='ltr' id='par_1_4' title="bbox 570 1139 1035 1330">
     <span class='ocr_line' id='line_1_8' title="bbox 570 1139 800 1222; baseline 0.017 -19"><span class='ocrx_word' id='word_1_51' title='bbox 570 1139 606 1204; x_wconf 78' lang='lat' dir='ltr'>to</span> <span class='ocrx_word' id='word_1_52' title='bbox 629 1139 666 1204; x_wconf 73' lang='lat' dir='ltr'>to</span> <span class='ocrx_word' id='word_1_53' title='bbox 688 1139 800 1222; x_wconf 78' lang='grc' dir='ltr'>λιγείας</span> 
     </span>
     <span class='ocr_line' id='line_1_9' title="bbox 570 1208 1035 1330; baseline 0.013 -24"><span class='ocrx_word' id='word_1_54' title='bbox 570 1244 659 1329; x_wconf 81' lang='grc' dir='ltr'>μόρον</span> <span class='ocrx_word' id='word_1_55' title='bbox 683 1244 811 1330; x_wconf 81' lang='grc' dir='ltr'>ἀηδόνος</span> <span class='ocrx_word' id='word_1_56' title='bbox 883 1208 966 1272; x_wconf 69' lang='grc'>1142</span> <span class='ocrx_word' id='word_1_57' title='bbox 990 1229 1035 1294; x_wconf 64' lang='lat' dir='ltr'>sq·</span> 
     </span>
    </p>

    <p class='ocr_par' dir='ltr' id='par_1_5' title="bbox 222 1365 1364 1894">
     <span class='ocr_line' id='line_1_10' title="bbox 314 1365 1364 1456; baseline 0 -24"><span class='ocrx_word' id='word_1_58' title='bbox 314 1369 431 1433; x_wconf 84' lang='lat'>1150.</span> <span class='ocrx_word' id='word_1_59' title='bbox 476 1365 526 1432; x_wconf 79' lang='grc' dir='ltr'>διὰ</span> <span class='ocrx_word' id='word_1_60' title='bbox 546 1367 579 1433; x_wconf 88' lang='grc' dir='ltr'>τύ</span> <span class='ocrx_word' id='word_1_61' title='bbox 611 1371 738 1456; x_wconf 81' lang='grc' dir='ltr'>δοςτοχῆ</span> <span class='ocrx_word' id='word_1_62' title='bbox 773 1369 976 1455; x_wconf 80' lang='grc' dir='ltr'>μαντεύεσθαι</span> <span class='ocrx_word' id='word_1_63' title='bbox 1006 1374 1026 1456; x_wconf 76' lang='grc' dir='ltr'><strong>ἢ</strong></span> <span class='ocrx_word' id='word_1_64' title='bbox 1055 1367 1105 1435; x_wconf 82' lang='grc' dir='ltr'>διὰ</span> <span class='ocrx_word' id='word_1_65' title='bbox 1133 1369 1166 1435; x_wconf 85' lang='grc' dir='ltr'>τὸ</span> <span class='ocrx_word' id='word_1_66' title='bbox 1197 1369 1364 1456; x_wconf 81' lang='grc' dir='ltr'>προειδέναι</span> 
     </span>
     <span class='ocr_line' id='line_1_11' title="bbox 225 1470 1364 1566; baseline 0.004 -29"><span class='ocrx_word' id='word_1_67' title='bbox 225 1470 262 1538; x_wconf 82' lang='grc' dir='ltr'>τύ</span> <span class='ocrx_word' id='word_1_68' title='bbox 285 1473 367 1540; x_wconf 84' lang='grc' dir='ltr'>δεινὰ</span> <span class='ocrx_word' id='word_1_69' title='bbox 389 1476 562 1563; x_wconf 84' lang='grc' dir='ltr'>ἀνωφελῶς.</span> <span class='ocrx_word' id='word_1_70' title='bbox 607 1479 695 1544; x_wconf 76' lang='lat' dir='ltr'>Haeo</span> <span class='ocrx_word' id='word_1_71' title='bbox 724 1481 957 1566; x_wconf 77' lang='lat' dir='ltr'>transponenda</span> <span class='ocrx_word' id='word_1_72' title='bbox 985 1481 1132 1547; x_wconf 80' lang='lat' dir='ltr'>videntur</span> <span class='ocrx_word' id='word_1_73' title='bbox 1153 1481 1194 1547; x_wconf 75' lang='lat' dir='ltr'>ad</span> <span class='ocrx_word' id='word_1_74' title='bbox 1215 1480 1364 1564; x_wconf 77' lang='grc' dir='ltr'>κακορρή-</span> 
     </span>
     <span class='ocr_line' id='line_1_12' title="bbox 226 1585 1364 1676; baseline 0.004 -30"><span class='ocrx_word' id='word_1_75' title='bbox 226 1607 318 1668; x_wconf 90' lang='grc' dir='ltr'>μονας</span> <span class='ocrx_word' id='word_1_76' title='bbox 342 1586 443 1669; x_wconf 81' lang='grc'>1154,</span> <span class='ocrx_word' id='word_1_77' title='bbox 463 1588 618 1673; x_wconf 85' lang='lat' dir='ltr'>primum,</span> <span class='ocrx_word' id='word_1_78' title='bbox 648 1589 731 1672; x_wconf 87' lang='lat' dir='ltr'>quod</span> <span class='ocrx_word' id='word_1_79' title='bbox 756 1585 895 1673; x_wconf 84' lang='grc' dir='ltr'>δύςφύτῳ</span> <span class='ocrx_word' id='word_1_80' title='bbox 917 1591 1058 1676; x_wconf 82' lang='lat' dir='ltr'>iamper</span> <span class='ocrx_word' id='word_1_81' title='bbox 1081 1589 1207 1676; x_wconf 81' lang='grc' dir='ltr'>ἀσαφεῖ,</span> <span class='ocrx_word' id='word_1_82' title='bbox 1230 1589 1364 1671; x_wconf 84' lang='grc' dir='ltr'>αίνιγμα·</span> 
     </span>
     <span class='ocr_line' id='line_1_13' title="bbox 222 1693 1363 1782; baseline 0.005 -27"><span class='ocrx_word' id='word_1_83' title='bbox 222 1693 314 1757; x_wconf 64' lang='lat' dir='ltr'>sete</span> <span class='ocrx_word' id='word_1_84' title='bbox 335 1695 525 1778; x_wconf 82' lang='lat' dir='ltr'>explicatum</span> <span class='ocrx_word' id='word_1_85' title='bbox 549 1701 603 1779; x_wconf 76' lang='lat' dir='ltr'>est,</span> <span class='ocrx_word' id='word_1_86' title='bbox 626 1697 759 1780; x_wconf 85' lang='lat' dir='ltr'>deinde,</span> <span class='ocrx_word' id='word_1_87' title='bbox 782 1717 863 1781; x_wconf 84' lang='lat' dir='ltr'>quoe</span> <span class='ocrx_word' id='word_1_88' title='bbox 885 1717 980 1762; x_wconf 80' lang='lat' dir='ltr'>cause</span> <span class='ocrx_word' id='word_1_89' title='bbox 1001 1699 1072 1781; x_wconf 88' lang='lat' dir='ltr'>plus</span> <span class='ocrx_word' id='word_1_90' title='bbox 1094 1699 1241 1782; x_wconf 86' lang='lat' dir='ltr'>ponderis</span> <span class='ocrx_word' id='word_1_91' title='bbox 1263 1697 1363 1779; x_wconf 78' lang='lat' dir='ltr'>hebet</span> 
     </span>
     <span class='ocr_line' id='line_1_14' title="bbox 224 1803 1364 1894; baseline 0.004 -29"><span class='ocrx_word' id='word_1_92' title='bbox 224 1803 309 1886; x_wconf 87' lang='lat' dir='ltr'>quod</span> <span class='ocrx_word' id='word_1_93' title='bbox 330 1803 414 1866; x_wconf 90' lang='lat' dir='ltr'>inter</span> <span class='ocrx_word' id='word_1_94' title='bbox 434 1803 513 1867; x_wconf 84' lang='lat' dir='ltr'>dues</span> <span class='ocrx_word' id='word_1_95' title='bbox 534 1805 805 1888; x_wconf 71' lang='lat' dir='ltr'>interpretationes</span> <span class='ocrx_word' id='word_1_96' title='bbox 820 1805 882 1869; x_wconf 91' lang='lat' dir='ltr'>sibi</span> <span class='ocrx_word' id='word_1_97' title='bbox 895 1806 1066 1872; x_wconf 78' lang='lat' dir='ltr'>contraries</span> <span class='ocrx_word' id='word_1_98' title='bbox 1085 1807 1238 1894; x_wconf 79' lang='lat' dir='ltr'>porticula</span> <span class='ocrx_word' id='word_1_99' title='bbox 1260 1807 1364 1890; x_wconf 83' lang='lat' dir='ltr'>ulique</span> 
     </span>
    </p>
   </div>
   <div class='ocr_carea' id='block_1_3' title="bbox 225 1910 1012 1981">
    <p class='ocr_par' dir='ltr' id='par_1_6' title="bbox 225 1910 1012 1981">
     <span class='ocr_line' id='line_1_15' title="bbox 225 1910 1012 1981; baseline 0.005 -5"><span class='ocrx_word' id='word_1_100' title='bbox 225 1910 416 1978; x_wconf 82' lang='lat' dir='ltr'>disiunctive</span> <span class='ocrx_word' id='word_1_101' title='bbox 438 1912 489 1979; x_wconf 82' lang='lat' dir='ltr'>vel</span> <span class='ocrx_word' id='word_1_102' title='bbox 510 1913 707 1981; x_wconf 75' lang='lat' dir='ltr'>adversativa</span> <span class='ocrx_word' id='word_1_103' title='bbox 729 1934 792 1978; x_wconf 93' lang='lat' dir='ltr'>non</span> <span class='ocrx_word' id='word_1_104' title='bbox 815 1915 947 1981; x_wconf 82' lang='lat' dir='ltr'>deesset.</span> <span class='ocrx_word' id='word_1_105' title='bbox 970 1951 1012 1962; x_wconf 86' lang='lat'>-</span> 
     </span>
    </p>
   </div>
   <div class='ocr_carea' id='block_1_4' title="bbox 695 2139 895 2225">
    <p class='ocr_par' dir='ltr' id='par_1_7' title="bbox 695 2139 895 2225">
     <span class='ocr_line' id='line_1_16' title="bbox 695 2139 895 2225; baseline 0.005 -17"><span class='ocrx_word' id='word_1_106' title='bbox 695 2139 895 2225; x_wconf 79' lang='lat' dir='ltr'>Odoepdoroe.</span> 
     </span>
    </p>
   </div>
   <div class='ocr_carea' id='block_1_5' title="bbox 315 2323 1365 2420">
    <p class='ocr_par' dir='ltr' id='par_1_8' title="bbox 315 2323 1365 2420">
     <span class='ocr_line' id='line_1_17' title="bbox 315 2323 1365 2420; baseline -0.005 -26"><span class='ocrx_word' id='word_1_107' title='bbox 315 2330 404 2394; x_wconf 85' lang='lat'>213.</span> <span class='ocrx_word' id='word_1_108' title='bbox 447 2326 523 2400; x_wconf 88' lang='grc' dir='ltr'>τίνος</span> <span class='ocrx_word' id='word_1_109' title='bbox 538 2323 595 2413; x_wconf 75' lang='grc' dir='ltr'>γὰρ</span> <span class='ocrx_word' id='word_1_110' title='bbox 610 2327 671 2414; x_wconf 82' lang='grc' dir='ltr'>ἤδη</span> <span class='ocrx_word' id='word_1_111' title='bbox 690 2326 832 2413; x_wconf 81' lang='grc' dir='ltr'>ἐπέτυχον</span> <span class='ocrx_word' id='word_1_112' title='bbox 856 2325 923 2392; x_wconf 84' lang='grc' dir='ltr'>ἀπὸ</span> <span class='ocrx_word' id='word_1_113' title='bbox 946 2327 1027 2392; x_wconf 77' lang='grc' dir='ltr'>θεῶν</span> <span class='ocrx_word' id='word_1_114' title='bbox 1045 2327 1089 2392; x_wconf 87' lang='grc' dir='ltr'>ότι</span> <span class='ocrx_word' id='word_1_115' title='bbox 1106 2324 1186 2400; x_wconf 81' lang='grc' dir='ltr'>εἶπες</span> <span class='ocrx_word' id='word_1_116' title='bbox 1201 2325 1239 2392; x_wconf 86' lang='grc' dir='ltr'>τοί</span> <span class='ocrx_word' id='word_1_117' title='bbox 1260 2325 1365 2420; x_wconf 67' lang='grc' dir='ltr'>λοιπάη</span> 
     </span>
    </p>
   </div>
   <div class='ocr_carea' id='block_1_6' title="bbox 201 2433 1376 4445">
    <p class='ocr_par' dir='ltr' id='par_1_9' title="bbox 225 2433 697 2517">
     <span class='ocr_line' id='line_1_18' title="bbox 225 2433 697 2517; baseline 0.006 -16"><span class='ocrx_word' id='word_1_118' title='bbox 225 2433 272 2501; x_wconf 88' lang='lat' dir='ltr'>M.</span> <span class='ocrx_word' id='word_1_119' title='bbox 296 2433 363 2517; x_wconf 84' lang='grc' dir='ltr'>ὑπὸ,</span> <span class='ocrx_word' id='word_1_120' title='bbox 386 2436 519 2502; x_wconf 77' lang='lat' dir='ltr'>correxi</span> <span class='ocrx_word' id='word_1_121' title='bbox 691 2491 697 2504; x_wconf 92' lang='lat'><em>.</em></span> 
     </span>
    </p>

    <p class='ocr_par' dir='ltr' id='par_1_10' title="bbox 226 2541 1370 3275">
     <span class='ocr_line' id='line_1_19' title="bbox 315 2541 1366 2633; baseline -0.003 -22"><span class='ocrx_word' id='word_1_122' title='bbox 315 2547 402 2611; x_wconf 80' lang='lat'><strong>278.</strong></span> <span class='ocrx_word' id='word_1_123' title='bbox 445 2543 514 2616; x_wconf 87' lang='grc' dir='ltr'>τούς</span> <span class='ocrx_word' id='word_1_124' title='bbox 548 2541 600 2629; x_wconf 84' lang='grc' dir='ltr'>μὲν</span> <span class='ocrx_word' id='word_1_125' title='bbox 634 2541 691 2628; x_wconf 81' lang='grc' dir='ltr'>γὰρ</span> <span class='ocrx_word' id='word_1_126' title='bbox 720 2542 842 2615; x_wconf 88' lang='grc' dir='ltr'>πολίτας</span> <span class='ocrx_word' id='word_1_127' title='bbox 872 2543 1050 2628; x_wconf 75' lang='grc' dir='ltr'>λοιμιύξειν</span> <span class='ocrx_word' id='word_1_128' title='bbox 1086 2544 1120 2606; x_wconf 83' lang='grc' dir='ltr'>ἐκ</span> <span class='ocrx_word' id='word_1_129' title='bbox 1153 2550 1208 2633; x_wconf 77' lang='grc' dir='ltr'>γῆς</span> <span class='ocrx_word' id='word_1_130' title='bbox 1239 2543 1366 2630; x_wconf 83' lang='grc' dir='ltr'>ἔφασκεν</span> 
     </span>
     <span class='ocr_line' id='line_1_20' title="bbox 226 2647 1365 2739; baseline -0.002 -20"><span class='ocrx_word' id='word_1_131' title='bbox 226 2651 301 2739; x_wconf 85' lang='grc' dir='ltr'>πρὸς</span> <span class='ocrx_word' id='word_1_132' title='bbox 324 2651 489 2739; x_wconf 82' lang='grc' dir='ltr'>ἀφοσίωσιν</span> <span class='ocrx_word' id='word_1_133' title='bbox 513 2647 741 2736; x_wconf 82' lang='grc' dir='ltr'>Ἀγαμέμνονος,</span> <span class='ocrx_word' id='word_1_134' title='bbox 766 2653 807 2722; x_wconf 81' lang='grc' dir='ltr'>ὡς</span> <span class='ocrx_word' id='word_1_135' title='bbox 831 2649 871 2736; x_wconf 83' lang='grc' dir='ltr'>μὴ</span> <span class='ocrx_word' id='word_1_136' title='bbox 896 2651 1121 2737; x_wconf 79' lang='grc' dir='ltr'>ἐκδικήσαντας,</span> <span class='ocrx_word' id='word_1_137' title='bbox 1143 2653 1224 2736; x_wconf 75' lang='grc' dir='ltr'>ἡμᾶς</span> <span class='ocrx_word' id='word_1_138' title='bbox 1247 2650 1281 2716; x_wconf 85' lang='grc' dir='ltr'>δὲ</span> <span class='ocrx_word' id='word_1_139' title='bbox 1304 2677 1365 2718; x_wconf 88' lang='grc' dir='ltr'>σω-</span> 
     </span>
     <span class='ocr_line' id='line_1_21' title="bbox 232 2759 1368 2846; baseline -0.002 -23"><span class='ocrx_word' id='word_1_140' title='bbox 232 2765 362 2846; x_wconf 84' lang='grc' dir='ltr'>ματικῶς</span> <span class='ocrx_word' id='word_1_141' title='bbox 386 2760 548 2845; x_wconf 78' lang='grc' dir='ltr'>φθαρῆναι.</span> <span class='ocrx_word' id='word_1_142' title='bbox 601 2759 650 2824; x_wconf 78' lang='lat' dir='ltr'>Its</span> <span class='ocrx_word' id='word_1_143' title='bbox 673 2778 714 2825; x_wconf 84' lang='lat' dir='ltr'>ex</span> <span class='ocrx_word' id='word_1_144' title='bbox 736 2759 844 2824; x_wconf 89' lang='lat' dir='ltr'>oodioe</span> <span class='ocrx_word' id='word_1_145' title='bbox 865 2759 1090 2824; x_wconf 80' lang='lat' dir='ltr'>Weckleinius.</span> <span class='ocrx_word' id='word_1_146' title='bbox 1143 2759 1206 2825; x_wconf 84' lang='lat' dir='ltr'>Sed</span> <span class='ocrx_word' id='word_1_147' title='bbox 1227 2781 1283 2844; x_wconf 89' lang='lat' dir='ltr'>pro</span> <span class='ocrx_word' id='word_1_148' title='bbox 1305 2761 1368 2822; x_wconf 86' lang='grc' dir='ltr'>λοι-</span> 
     </span>
     <span class='ocr_line' id='line_1_22' title="bbox 229 2865 1369 2956; baseline 0.001 -24"><span class='ocrx_word' id='word_1_149' title='bbox 229 2870 334 2956; x_wconf 77' lang='grc' dir='ltr'>μώξειν</span> <span class='ocrx_word' id='word_1_150' title='bbox 358 2869 587 2936; x_wconf 88' lang='lat' dir='ltr'>restituendum</span> <span class='ocrx_word' id='word_1_151' title='bbox 614 2871 673 2952; x_wconf 88' lang='lat' dir='ltr'>est,</span> <span class='ocrx_word' id='word_1_152' title='bbox 702 2867 787 2951; x_wconf 90' lang='lat' dir='ltr'>quod</span> <span class='ocrx_word' id='word_1_153' title='bbox 817 2868 900 2951; x_wconf 82' lang='lat' dir='ltr'>apud</span> <span class='ocrx_word' id='word_1_154' title='bbox 922 2865 1122 2932; x_wconf 89' lang='lat' dir='ltr'>Dindorfium</span> <span class='ocrx_word' id='word_1_155' title='bbox 1153 2873 1185 2932; x_wconf 91' lang='lat' dir='ltr'>et</span> <span class='ocrx_word' id='word_1_156' title='bbox 1205 2868 1369 2934; x_wconf 89' lang='lat' dir='ltr'>Kirehhof·</span> 
     </span>
     <span class='ocr_line' id='line_1_23' title="bbox 228 2973 1369 3062; baseline -0.002 -18"><span class='ocrx_word' id='word_1_157' title='bbox 228 2979 307 3044; x_wconf 90' lang='lat' dir='ltr'>fium</span> <span class='ocrx_word' id='word_1_158' title='bbox 329 2982 480 3062; x_wconf 78' lang='lat' dir='ltr'>tanquam</span> <span class='ocrx_word' id='word_1_159' title='bbox 500 2973 544 3041; x_wconf 71' lang='grc' dir='ltr'>Μ1</span> <span class='ocrx_word' id='word_1_160' title='bbox 564 2976 658 3040; x_wconf 90' lang='lat' dir='ltr'>leotio</span> <span class='ocrx_word' id='word_1_161' title='bbox 680 2980 784 3041; x_wconf 78' lang='lat' dir='ltr'>exstet</span> <span class='ocrx_word' id='word_1_162' title='bbox 805 2973 959 3060; x_wconf 80' lang='lat' dir='ltr'>cuiusque</span> <span class='ocrx_word' id='word_1_163' title='bbox 981 2975 1200 3044; x_wconf 78' lang='lat' dir='ltr'>Weckleinius</span> <span class='ocrx_word' id='word_1_164' title='bbox 1222 2996 1262 3042; x_wconf 89' lang='lat' dir='ltr'>ne</span> <span class='ocrx_word' id='word_1_165' title='bbox 1283 2997 1369 3042; x_wconf 90' lang='lat' dir='ltr'>men·</span> 
     </span>
     <span class='ocr_line' id='line_1_24' title="bbox 231 3069 1370 3169; baseline -0.005 -15"><span class='ocrx_word' id='word_1_166' title='bbox 231 3089 350 3154; x_wconf 81' lang='lat' dir='ltr'>tionem</span> <span class='ocrx_word' id='word_1_167' title='bbox 372 3085 502 3169; x_wconf 86' lang='lat' dir='ltr'>quidem</span> <span class='ocrx_word' id='word_1_168' title='bbox 522 3083 612 3167; x_wconf 80' lang='lat' dir='ltr'>fecit,</span> <span class='ocrx_word' id='word_1_169' title='bbox 643 3082 814 3166; x_wconf 77' lang='grc' dir='ltr'>λιμύξειν;</span> <span class='ocrx_word' id='word_1_170' title='bbox 847 3069 921 3148; x_wconf 76' lang='lat' dir='ltr'>nisi¹</span> <span class='ocrx_word' id='word_1_171' title='bbox 939 3083 1019 3148; x_wconf 79' lang='lat' dir='ltr'>forte</span> <span class='ocrx_word' id='word_1_172' title='bbox 1048 3085 1092 3166; x_wconf 75' lang='lat' dir='ltr'>ie,</span> <span class='ocrx_word' id='word_1_173' title='bbox 1123 3085 1179 3166; x_wconf 86' lang='lat' dir='ltr'>qui</span> <span class='ocrx_word' id='word_1_174' title='bbox 1200 3084 1370 3168; x_wconf 82' lang='grc' dir='ltr'>λοιμώσσει,</span> 
     </span>
     <span class='ocr_line' id='line_1_25' title="bbox 233 3188 684 3275; baseline -0.02 -15"><span class='ocrx_word' id='word_1_175' title='bbox 233 3213 297 3260; x_wconf 86' lang='lat' dir='ltr'>non</span> <span class='ocrx_word' id='word_1_176' title='bbox 318 3194 497 3275; x_wconf 82' lang='grc' dir='ltr'>σωματικῶς</span> <span class='ocrx_word' id='word_1_177' title='bbox 520 3188 684 3275; x_wconf 81' lang='grc' dir='ltr'>φθείρεται.</span> 
     </span>
    </p>

    <p class='ocr_par' dir='ltr' id='par_1_11' title="bbox 230 3295 1375 4142">
     <span class='ocr_line' id='line_1_26' title="bbox 319 3295 1370 3382; baseline -0.005 -16"><span class='ocrx_word' id='word_1_178' title='bbox 319 3303 408 3366; x_wconf 82' lang='lat'><strong>349.</strong></span> <span class='ocrx_word' id='word_1_179' title='bbox 453 3301 495 3371; x_wconf 83' lang='grc' dir='ltr'>ὡς</span> <span class='ocrx_word' id='word_1_180' title='bbox 516 3295 584 3370; x_wconf 83' lang='grc' dir='ltr'>τοὺς</span> <span class='ocrx_word' id='word_1_181' title='bbox 607 3297 795 3368; x_wconf 83' lang='grc' dir='ltr'>ὑπαντῶντας</span> <span class='ocrx_word' id='word_1_182' title='bbox 828 3295 1062 3381; x_wconf 77' lang='grc' dir='ltr'>ἐπιστρέφεσθαι</span> <span class='ocrx_word' id='word_1_183' title='bbox 1083 3295 1155 3382; x_wconf 84' lang='grc' dir='ltr'>πρὸς</span> <span class='ocrx_word' id='word_1_184' title='bbox 1177 3296 1251 3364; x_wconf 83' lang='grc' dir='ltr'>θέαν</span> <span class='ocrx_word' id='word_1_185' title='bbox 1274 3299 1370 3382; x_wconf 80' lang='grc' dir='ltr'>ἡμῶν.</span> 
     </span>
     <span class='ocr_line' id='line_1_27' title="bbox 234 3403 1374 3492; baseline 0.001 -21"><span class='ocrx_word' id='word_1_186' title='bbox 234 3408 368 3492; x_wconf 79' lang='grc' dir='ltr'>ζηλωτόν</span> <span class='ocrx_word' id='word_1_187' title='bbox 391 3405 441 3470; x_wconf 86' lang='grc' dir='ltr'>καί</span> <span class='ocrx_word' id='word_1_188' title='bbox 470 3405 527 3472; x_wconf 83' lang='grc' dir='ltr'>ὑπὸ</span> <span class='ocrx_word' id='word_1_189' title='bbox 558 3408 677 3472; x_wconf 83' lang='grc' dir='ltr'>πολλῶν</span> <span class='ocrx_word' id='word_1_190' title='bbox 708 3403 909 3491; x_wconf 85' lang='grc' dir='ltr'>κεχωσμένον.</span> <span class='ocrx_word' id='word_1_191' title='bbox 961 3405 1050 3472; x_wconf 77' lang='lat' dir='ltr'>Haeo</span> <span class='ocrx_word' id='word_1_192' title='bbox 1071 3405 1196 3472; x_wconf 86' lang='lat' dir='ltr'>Robort.</span> <span class='ocrx_word' id='word_1_193' title='bbox 1217 3409 1263 3471; x_wconf 76' lang='lat' dir='ltr'>ua</span> <span class='ocrx_word' id='word_1_194' title='bbox 1292 3407 1374 3472; x_wconf 90' lang='lat' dir='ltr'>ordi·</span> 
     </span>
     <span class='ocr_line' id='line_1_28' title="bbox 237 3509 1372 3600; baseline -0.006 -17"><span class='ocrx_word' id='word_1_195' title='bbox 237 3519 325 3583; x_wconf 79' lang='lat' dir='ltr'>navit</span> <span class='ocrx_word' id='word_1_196' title='bbox 348 3516 490 3600; x_wconf 78' lang='grc' dir='ltr'>ζηλωτόν,</span> <span class='ocrx_word' id='word_1_197' title='bbox 515 3518 557 3587; x_wconf 87' lang='grc' dir='ltr'>ὡς</span> <span class='ocrx_word' id='word_1_198' title='bbox 571 3513 640 3586; x_wconf 81' lang='grc' dir='ltr'>τοὺς</span> <span class='ocrx_word' id='word_1_199' title='bbox 664 3561 721 3578; x_wconf 93' lang='grc'>...</span> <span class='ocrx_word' id='word_1_200' title='bbox 745 3515 842 3598; x_wconf 74' lang='grc' dir='ltr'>ἡμῶν.</span> <span class='ocrx_word' id='word_1_201' title='bbox 867 3509 1097 3597; x_wconf 78' lang='grc' dir='ltr'>(πολύχωστον)</span> <span class='ocrx_word' id='word_1_202' title='bbox 1121 3510 1195 3597; x_wconf 84' lang='grc' dir='ltr'>[καὶ]</span> <span class='ocrx_word' id='word_1_203' title='bbox 1218 3511 1274 3579; x_wconf 83' lang='grc' dir='ltr'>ὑπό</span> <span class='ocrx_word' id='word_1_204' title='bbox 1290 3515 1372 3579; x_wconf 86' lang='grc' dir='ltr'>πολλ</span> 
     </span>
     <span class='ocr_line' id='line_1_29' title="bbox 233 3620 1373 3710; baseline -0.001 -23"><span class='ocrx_word' id='word_1_205' title='bbox 233 3647 299 3710; x_wconf 84' lang='grc' dir='ltr'>κεχ.</span> <span class='ocrx_word' id='word_1_206' title='bbox 343 3623 537 3690; x_wconf 85' lang='lat' dir='ltr'>Posteriores</span> <span class='ocrx_word' id='word_1_207' title='bbox 565 3623 702 3688; x_wconf 84' lang='lat' dir='ltr'>editores</span> <span class='ocrx_word' id='word_1_208' title='bbox 733 3626 769 3685; x_wconf 89' lang='lat' dir='ltr'>ut</span> <span class='ocrx_word' id='word_1_209' title='bbox 795 3625 879 3686; x_wconf 87' lang='lat' dir='ltr'>reete</span> <span class='ocrx_word' id='word_1_210' title='bbox 908 3620 1005 3684; x_wconf 83' lang='lat' dir='ltr'>verbs</span> <span class='ocrx_word' id='word_1_211' title='bbox 1026 3621 1067 3691; x_wconf 83' lang='grc' dir='ltr'>ὡς</span> <span class='ocrx_word' id='word_1_212' title='bbox 1090 3667 1097 3681; x_wconf 94' lang='grc'><strong>.</strong></span> <span class='ocrx_word' id='word_1_213' title='bbox 1120 3667 1127 3683; x_wconf 94' lang='grc'><strong>.</strong></span> <span class='ocrx_word' id='word_1_214' title='bbox 1152 3621 1238 3704; x_wconf 72' lang='grc' dir='ltr'>ἡμῶν</span> <span class='ocrx_word' id='word_1_215' title='bbox 1262 3643 1290 3687; x_wconf 88' lang='lat' dir='ltr'>v.</span> <span class='ocrx_word' id='word_1_216' title='bbox 1311 3623 1373 3686; x_wconf 82' lang='lat'>349</span> 
     </span>
     <span class='ocr_line' id='line_1_30' title="bbox 234 3726 1375 3812; baseline -0.006 -15"><span class='ocrx_word' id='word_1_217' title='bbox 234 3732 441 3798; x_wconf 88' lang='lat' dir='ltr'>reddiderunt</span> <span class='ocrx_word' id='word_1_218' title='bbox 463 3732 511 3812; x_wconf 87' lang='lat' dir='ltr'>(of.</span> <span class='ocrx_word' id='word_1_219' title='bbox 534 3731 596 3796; x_wconf 90' lang='lat' dir='ltr'>soh.</span> <span class='ocrx_word' id='word_1_220' title='bbox 619 3728 672 3794; x_wconf 84' lang='lat' dir='ltr'>Su.</span> <span class='ocrx_word' id='word_1_221' title='bbox 696 3729 810 3810; x_wconf 81' lang='lat'>1008),</span> <span class='ocrx_word' id='word_1_222' title='bbox 843 3728 889 3792; x_wconf 78' lang='lat' dir='ltr'>ite</span> <span class='ocrx_word' id='word_1_223' title='bbox 917 3729 1023 3792; x_wconf 86' lang='lat' dir='ltr'>minus</span> <span class='ocrx_word' id='word_1_224' title='bbox 1052 3733 1137 3792; x_wconf 84' lang='lat' dir='ltr'>reete</span> <span class='ocrx_word' id='word_1_225' title='bbox 1170 3726 1304 3811; x_wconf 78' lang='grc' dir='ltr'>ζηλωτόν</span> <span class='ocrx_word' id='word_1_226' title='bbox 1326 3726 1375 3804; x_wconf 80' lang='grc' dir='ltr'>καί</span> 
     </span>
     <span class='ocr_line' id='line_1_31' title="bbox 237 3833 1375 3922; baseline -0.001 -21"><span class='ocrx_word' id='word_1_227' title='bbox 237 3837 293 3902; x_wconf 85' lang='grc' dir='ltr'>ύπό</span> <span class='ocrx_word' id='word_1_228' title='bbox 316 3864 346 3903; x_wconf 92' lang='grc' dir='ltr'>π.</span> <span class='ocrx_word' id='word_1_229' title='bbox 371 3862 399 3922; x_wconf 81' lang='grc' dir='ltr'>κ.</span> <span class='ocrx_word' id='word_1_230' title='bbox 424 3839 464 3903; x_wconf 83' lang='lat' dir='ltr'>ed</span> <span class='ocrx_word' id='word_1_231' title='bbox 486 3858 586 3903; x_wconf 91' lang='lat' dir='ltr'>unum</span> <span class='ocrx_word' id='word_1_232' title='bbox 608 3837 740 3902; x_wconf 85' lang='lat' dir='ltr'>verbum</span> <span class='ocrx_word' id='word_1_233' title='bbox 762 3833 966 3921; x_wconf 87' lang='grc' dir='ltr'>πολύχωστον·</span> <span class='ocrx_word' id='word_1_234' title='bbox 979 3836 1174 3900; x_wconf 78' lang='lat' dir='ltr'>rettulerunt.</span> <span class='ocrx_word' id='word_1_235' title='bbox 1218 3835 1375 3920; x_wconf 80' lang='lat' dir='ltr'>Equidem</span> 
     </span>
     <span class='ocr_line' id='line_1_32' title="bbox 236 3938 1374 4032; baseline -0.004 -20"><span class='ocrx_word' id='word_1_236' title='bbox 236 3950 353 4013; x_wconf 85' lang='lat' dir='ltr'>lemma</span> <span class='ocrx_word' id='word_1_237' title='bbox 374 3966 530 4032; x_wconf 80' lang='lat' dir='ltr'>praepono</span> <span class='ocrx_word' id='word_1_238' title='bbox 552 3938 746 4031; x_wconf 78' lang='grc' dir='ltr'>πολύχωστον</span> <span class='ocrx_word' id='word_1_239' title='bbox 771 3992 778 4006; x_wconf 94' lang='grc'><strong>.</strong></span> <span class='ocrx_word' id='word_1_240' title='bbox 805 3991 811 4006; x_wconf 95' lang='grc'><em>.</em></span> <span class='ocrx_word' id='word_1_241' title='bbox 835 3941 1000 4029; x_wconf 80' lang='grc' dir='ltr'>εὐφόρητον</span> <span class='ocrx_word' id='word_1_242' title='bbox 1033 3944 1081 4023; x_wconf 84' lang='lat' dir='ltr'>(oi.</span> <span class='ocrx_word' id='word_1_243' title='bbox 1109 3944 1172 4010; x_wconf 91' lang='lat' dir='ltr'>soh.</span> <span class='ocrx_word' id='word_1_244' title='bbox 1196 3945 1258 4008; x_wconf 86' lang='lat'>352</span> <span class='ocrx_word' id='word_1_245' title='bbox 1280 3941 1374 4029; x_wconf 87' lang='grc' dir='ltr'>τάφον</span> 
     </span>
     <span class='ocr_line' id='line_1_33' title="bbox 230 4055 367 4142; baseline -0.029 -20"><span class='ocrx_word' id='word_1_246' title='bbox 230 4055 367 4142; x_wconf 77' lang='grc' dir='ltr'>εὐτυχῆ).</span> 
     </span>
    </p>

    <p class='ocr_par' dir='ltr' id='par_1_12' title="bbox 325 4156 1376 4248">
     <span class='ocr_line' id='line_1_34' title="bbox 325 4156 1376 4248; baseline -0.004 -20"><span class='ocrx_word' id='word_1_247' title='bbox 325 4163 414 4228; x_wconf 83' lang='grc'><strong>699.</strong></span> <span class='ocrx_word' id='word_1_248' title='bbox 457 4159 534 4248; x_wconf 73' lang='grc' dir='ltr'>ἢτύ</span> <span class='ocrx_word' id='word_1_249' title='bbox 566 4160 669 4246; x_wconf 77' lang='grc' dir='ltr'>ἀγαθὰ</span> <span class='ocrx_word' id='word_1_250' title='bbox 698 4160 843 4245; x_wconf 73' lang='grc' dir='ltr'>ἀγγεῖλαι.</span> <span class='ocrx_word' id='word_1_251' title='bbox 877 4161 963 4224; x_wconf 80' lang='grc' dir='ltr'>τοῦτο</span> <span class='ocrx_word' id='word_1_252' title='bbox 992 4156 1049 4244; x_wconf 79' lang='grc' dir='ltr'>χάρ</span> <span class='ocrx_word' id='word_1_253' title='bbox 1081 4158 1180 4244; x_wconf 89' lang='grc' dir='ltr'>φιλίας</span> <span class='ocrx_word' id='word_1_254' title='bbox 1203 4156 1292 4224; x_wconf 83' lang='grc' dir='ltr'>αἴτιον</span> <span class='ocrx_word' id='word_1_255' title='bbox 1315 4161 1376 4232; x_wconf 85' lang='grc' dir='ltr'>τοῖς</span> 
     </span>
    </p>

    <p class='ocr_par' dir='ltr' id='par_1_13' title="bbox 201 4268 1376 4445">
     <span class='ocr_line' id='line_1_35' title="bbox 201 4268 1376 4355; baseline 0 -22"><span class='ocrx_word' id='word_1_256' title='bbox 201 4309 204 4314; x_wconf 95' lang='grc'>-</span> <span class='ocrx_word' id='word_1_257' title='bbox 236 4270 327 4342; x_wconf 77' lang='grc' dir='ltr'>ξένοις</span> <span class='ocrx_word' id='word_1_258' title='bbox 349 4269 469 4352; x_wconf 82' lang='grc' dir='ltr'>γίνεται.</span> <span class='ocrx_word' id='word_1_259' title='bbox 514 4271 643 4336; x_wconf 78' lang='lat' dir='ltr'>Frustra</span> <span class='ocrx_word' id='word_1_260' title='bbox 670 4272 856 4355; x_wconf 85' lang='lat' dir='ltr'>intellegere</span> <span class='ocrx_word' id='word_1_261' title='bbox 878 4269 1002 4354; x_wconf 86' lang='lat' dir='ltr'>studui,</span> <span class='ocrx_word' id='word_1_262' title='bbox 1034 4268 1111 4352; x_wconf 90' lang='lat' dir='ltr'>quid</span> <span class='ocrx_word' id='word_1_263' title='bbox 1141 4269 1200 4334; x_wconf 93' lang='lat' dir='ltr'>hoo</span> <span class='ocrx_word' id='word_1_264' title='bbox 1221 4270 1376 4336; x_wconf 88' lang='lat' dir='ltr'>scholium</span> 
     </span>
     <span class='ocr_line' id='line_1_36' title="bbox 237 4379 562 4445; baseline -0.006 -1"><span class='ocrx_word' id='word_1_265' title='bbox 237 4381 332 4445; x_wconf 85' lang='lat' dir='ltr'>vellet</span> <span class='ocrx_word' id='word_1_266' title='bbox 352 4381 443 4444; x_wconf 85' lang='lat' dir='ltr'>iuxte</span> <span class='ocrx_word' id='word_1_267' title='bbox 465 4379 562 4444; x_wconf 83' lang='lat' dir='ltr'>verbe</span> 
     </span>
    </p>
   </div>
   <div class='ocr_carea' id='block_1_7' title="bbox 0 0 1556 4916">
    <p class='ocr_par' dir='ltr' id='par_1_14' title="bbox 0 0 1556 4916">
     <span class='ocr_line' id='line_1_37' title="bbox 0 0 1556 4916; baseline 0 0"><span class='ocrx_word' id='word_1_268' title='bbox 0 0 1556 4916; x_wconf 95' lang='lat' dir='ltr'> </span> 
     </span>
    </p>
   </div>
  </div>
 </body>
</html>
