<?xml version="1.0" encoding="UTF-8"?>
<!DOCTYPE html PUBLIC "-//W3C//DTD XHTML 1.0 Transitional//EN"
    "http://www.w3.org/TR/xhtml1/DTD/xhtml1-transitional.dtd">
<html xmlns="http://www.w3.org/1999/xhtml" xml:lang="en" lang="en">
 <head>
  <title>
</title>
<meta http-equiv="Content-Type" content="text/html;charset=utf-8" />
  <meta name='ocr-system' content='tesseract 3.04.00' />
  <meta name='ocr-capabilities' content='ocr_page ocr_carea ocr_par ocr_line ocrx_word'/>
</head>
<body>
  <div class='ocr_page' id='page_1' title='image "./studiamaximecri00kuecgoog_0027.png"; bbox 0 0 3064 4924; ppageno 0'>
   <div class='ocr_carea' id='block_1_1' title="bbox 412 659 1129 774">
    <p class='ocr_par' dir='ltr' id='par_1_1' title="bbox 412 659 1129 774">
     <span class='ocr_line' id='line_1_1' title="bbox 412 659 1129 774; baseline 0 -34"><span class='ocrx_word' id='word_1_1' title='bbox 412 659 463 741; x_wconf 80' lang='grc' dir='ltr'><strong>οο</strong></span> <span class='ocrx_word' id='word_1_2' title='bbox 489 661 678 760; x_wconf 78' lang='lat' dir='ltr'>superacta</span> <span class='ocrx_word' id='word_1_3' title='bbox 705 660 751 774; x_wconf 83' lang='lat' dir='ltr'>ab</span> <span class='ocrx_word' id='word_1_4' title='bbox 777 660 955 760; x_wconf 73' lang='lat' dir='ltr'>sarrya</span> <span class='ocrx_word' id='word_1_5' title='bbox 982 659 1129 742; x_wconf 79' lang='lat' dir='ltr'>amissa.</span> 
     </span>
    </p>
   </div>
   <div class='ocr_carea' id='block_1_2' title="bbox 174 885 1374 2714">
    <p class='ocr_par' dir='ltr' id='par_1_2' title="bbox 202 885 1342 1194">
     <span class='ocr_line' id='line_1_2' title="bbox 291 885 1342 976; baseline -0.001 -21"><span class='ocrx_word' id='word_1_6' title='bbox 291 885 509 974; x_wconf 79' lang='lat' dir='ltr'>Augmentum</span> <span class='ocrx_word' id='word_1_7' title='bbox 542 894 633 974; x_wconf 86' lang='lat' dir='ltr'>poeta</span> <span class='ocrx_word' id='word_1_8' title='bbox 664 890 772 974; x_wconf 82' lang='lat' dir='ltr'><strong>paucis</strong></span> <span class='ocrx_word' id='word_1_9' title='bbox 803 891 880 954; x_wconf 90' lang='lat' dir='ltr'>locis</span> <span class='ocrx_word' id='word_1_10' title='bbox 906 891 1020 954; x_wconf 88' lang='lat' dir='ltr'>omisit</span> <span class='ocrx_word' id='word_1_11' title='bbox 1074 888 1160 966; x_wconf 83' lang='lat' dir='ltr'>Quos</span> <span class='ocrx_word' id='word_1_12' title='bbox 1190 889 1342 976; x_wconf 86' lang='lat' dir='ltr'>colligens</span> 
     </span>
     <span class='ocr_line' id='line_1_3' title="bbox 202 999 1342 1085; baseline 0.002 -21"><span class='ocrx_word' id='word_1_13' title='bbox 202 1001 301 1064; x_wconf 88' lang='lat' dir='ltr'>simul</span> <span class='ocrx_word' id='word_1_14' title='bbox 322 999 484 1085; x_wconf 81' lang='lat' dir='ltr'>inquisivi,</span> <span class='ocrx_word' id='word_1_15' title='bbox 505 1019 583 1063; x_wconf 92' lang='lat' dir='ltr'>num</span> <span class='ocrx_word' id='word_1_16' title='bbox 606 1019 687 1084; x_wconf 89' lang='lat' dir='ltr'>qnae</span> <span class='ocrx_word' id='word_1_17' title='bbox 707 1019 802 1064; x_wconf 87' lang='lat' dir='ltr'>causa</span> <span class='ocrx_word' id='word_1_18' title='bbox 824 1000 988 1064; x_wconf 87' lang='lat' dir='ltr'>omittendi</span> <span class='ocrx_word' id='word_1_19' title='bbox 1009 999 1145 1085; x_wconf 84' lang='lat' dir='ltr'>singulis</span> <span class='ocrx_word' id='word_1_20' title='bbox 1165 1000 1243 1064; x_wconf 90' lang='lat' dir='ltr'>locis</span> <span class='ocrx_word' id='word_1_21' title='bbox 1264 999 1342 1066; x_wconf 88' lang='lat' dir='ltr'>fuis·</span> 
     </span>
     <span class='ocr_line' id='line_1_4' title="bbox 206 1110 567 1194; baseline 0.006 -22"><span class='ocrx_word' id='word_1_22' title='bbox 206 1113 262 1192; x_wconf 85' lang='lat' dir='ltr'>set,</span> <span class='ocrx_word' id='word_1_23' title='bbox 284 1110 433 1194; x_wconf 78' lang='lat' dir='ltr'>cognosci</span> <span class='ocrx_word' id='word_1_24' title='bbox 455 1114 567 1194; x_wconf 88' lang='lat' dir='ltr'>posset</span> 
     </span>
    </p>

    <p class='ocr_par' dir='ltr' id='par_1_3' title="bbox 205 1217 1343 1409">
     <span class='ocr_line' id='line_1_5' title="bbox 291 1217 1343 1304; baseline -0.002 -22"><span class='ocrx_word' id='word_1_25' title='bbox 291 1219 330 1282; x_wconf 81' lang='lat' dir='ltr'>A.</span> <span class='ocrx_word' id='word_1_26' title='bbox 373 1219 591 1304; x_wconf 89' lang='lat' dir='ltr'>Augmentum</span> <span class='ocrx_word' id='word_1_27' title='bbox 610 1217 863 1299; x_wconf 80' lang='lat' dir='ltr'>syllabicam</span> <span class='ocrx_word' id='word_1_28' title='bbox 885 1217 940 1280; x_wconf 92' lang='lat' dir='ltr'>ubi</span> <span class='ocrx_word' id='word_1_29' title='bbox 961 1236 1025 1280; x_wconf 92' lang='lat' dir='ltr'>non</span> <span class='ocrx_word' id='word_1_30' title='bbox 1047 1218 1159 1301; x_wconf 85' lang='lat' dir='ltr'>posuit,</span> <span class='ocrx_word' id='word_1_31' title='bbox 1179 1217 1271 1281; x_wconf 84' lang='lat' dir='ltr'>metri</span> <span class='ocrx_word' id='word_1_32' title='bbox 1293 1237 1343 1280; x_wconf 85' lang='lat' dir='ltr'>ra-</span> 
     </span>
     <span class='ocr_line' id='line_1_6' title="bbox 205 1323 1008 1409; baseline -0.002 -18"><span class='ocrx_word' id='word_1_33' title='bbox 205 1328 291 1392; x_wconf 88' lang='lat' dir='ltr'>tione</span> <span class='ocrx_word' id='word_1_34' title='bbox 314 1331 348 1392; x_wconf 89' lang='lat' dir='ltr'>ut</span> <span class='ocrx_word' id='word_1_35' title='bbox 369 1327 506 1392; x_wconf 84' lang='lat' dir='ltr'>abiceret</span> <span class='ocrx_word' id='word_1_36' title='bbox 526 1327 680 1392; x_wconf 88' lang='lat' dir='ltr'>adductus</span> <span class='ocrx_word' id='word_1_37' title='bbox 701 1345 770 1391; x_wconf 90' lang='lat' dir='ltr'>esse</span> <span class='ocrx_word' id='word_1_38' title='bbox 790 1323 922 1409; x_wconf 84' lang='lat' dir='ltr'>videtur,</span> <span class='ocrx_word' id='word_1_39' title='bbox 943 1324 1008 1390; x_wconf 87' lang='lat' dir='ltr'>scil.</span> 
     </span>
    </p>

    <p class='ocr_par' dir='ltr' id='par_1_4' title="bbox 206 1430 1344 1628">
     <span class='ocr_line' id='line_1_7' title="bbox 291 1430 1344 1521; baseline -0.004 -21"><span class='ocrx_word' id='word_1_40' title='bbox 291 1435 315 1500; x_wconf 85' lang='lat' dir='ltr'>L</span> <span class='ocrx_word' id='word_1_41' title='bbox 337 1437 371 1500; x_wconf 95' lang='lat' dir='ltr'>in</span> <span class='ocrx_word' id='word_1_42' title='bbox 393 1440 469 1517; x_wconf 87' lang='lat' dir='ltr'>syst</span> <span class='ocrx_word' id='word_1_43' title='bbox 491 1455 579 1520; x_wconf 92' lang='lat' dir='ltr'>anap.</span> <span class='ocrx_word' id='word_1_44' title='bbox 601 1436 663 1521; x_wconf 85' lang='lat' dir='ltr'>Ag.</span> <span class='ocrx_word' id='word_1_45' title='bbox 678 1436 761 1499; x_wconf 86' lang='grc'>1552</span> <span class='ocrx_word' id='word_1_46' title='bbox 784 1431 929 1517; x_wconf 83' lang='grc' dir='ltr'><strong>κάππεσε,</strong></span> <span class='ocrx_word' id='word_1_47' title='bbox 948 1430 1088 1516; x_wconf 78' lang='grc' dir='ltr'><strong>κάτθανε,</strong></span> <span class='ocrx_word' id='word_1_48' title='bbox 1112 1437 1147 1498; x_wconf 92' lang='lat' dir='ltr'>ut</span> <span class='ocrx_word' id='word_1_49' title='bbox 1167 1433 1344 1518; x_wconf 87' lang='lat' dir='ltr'>proceleus-</span> 
     </span>
     <span class='ocr_line' id='line_1_8' title="bbox 206 1545 1326 1628; baseline -0.007 -18"><span class='ocrx_word' id='word_1_50' title='bbox 206 1545 356 1610; x_wconf 88' lang='lat' dir='ltr'>maticum</span> <span class='ocrx_word' id='word_1_51' title='bbox 378 1545 499 1628; x_wconf 82' lang='lat' dir='ltr'>vitaret,</span> <span class='ocrx_word' id='word_1_52' title='bbox 1322 1597 1326 1602; x_wconf 86' lang='lat'>.</span> 
     </span>
    </p>

    <p class='ocr_par' dir='ltr' id='par_1_5' title="bbox 206 1650 1344 1844">
     <span class='ocr_line' id='line_1_9' title="bbox 291 1650 1343 1736; baseline -0.006 -18"><span class='ocrx_word' id='word_1_53' title='bbox 291 1653 332 1718; x_wconf 80' lang='grc' dir='ltr'>Π.</span> <span class='ocrx_word' id='word_1_54' title='bbox 354 1654 388 1716; x_wconf 90' lang='lat' dir='ltr'>in</span> <span class='ocrx_word' id='word_1_55' title='bbox 411 1652 553 1717; x_wconf 82' lang='lat' dir='ltr'>diverbio</span> <span class='ocrx_word' id='word_1_56' title='bbox 583 1653 669 1718; x_wconf 73' lang='lat' dir='ltr'>Pers</span> <span class='ocrx_word' id='word_1_57' title='bbox 692 1653 755 1717; x_wconf 87' lang='lat'>313</span> <span class='ocrx_word' id='word_1_58' title='bbox 778 1650 934 1736; x_wconf 84' lang='grc' dir='ltr'><strong>κάριοοον,</strong></span> <span class='ocrx_word' id='word_1_59' title='bbox 965 1651 1027 1717; x_wconf 89' lang='grc'>316</span> <span class='ocrx_word' id='word_1_60' title='bbox 1050 1650 1155 1730; x_wconf 87' lang='grc' dir='ltr'><strong>πέσον,</strong></span> <span class='ocrx_word' id='word_1_61' title='bbox 1187 1652 1250 1715; x_wconf 84' lang='grc'>379</span> <span class='ocrx_word' id='word_1_62' title='bbox 1273 1673 1343 1734; x_wconf 91' lang='grc' dir='ltr'><strong>τρο-</strong></span> 
     </span>
     <span class='ocr_line' id='line_1_10' title="bbox 206 1759 1344 1844; baseline -0.002 -19"><span class='ocrx_word' id='word_1_63' title='bbox 206 1765 306 1840; x_wconf 84' lang='grc' dir='ltr'><strong>τοῦτο,</strong></span> <span class='ocrx_word' id='word_1_64' title='bbox 328 1761 390 1826; x_wconf 87' lang='grc'>461</span> <span class='ocrx_word' id='word_1_65' title='bbox 413 1762 582 1841; x_wconf 81' lang='grc' dir='ltr'><strong>κυκλοῦντο,</strong></span> <span class='ocrx_word' id='word_1_66' title='bbox 606 1763 669 1826; x_wconf 86' lang='grc'>493</span> <span class='ocrx_word' id='word_1_67' title='bbox 692 1759 793 1841; x_wconf 84' lang='grc' dir='ltr'><strong>θάνον,</strong></span> <span class='ocrx_word' id='word_1_68' title='bbox 817 1761 870 1826; x_wconf 80' lang='lat' dir='ltr'>ch.</span> <span class='ocrx_word' id='word_1_69' title='bbox 896 1763 958 1827; x_wconf 85' lang='grc'>734</span> <span class='ocrx_word' id='word_1_70' title='bbox 980 1760 1050 1824; x_wconf 75' lang='grc' dir='ltr'><strong>θέτο</strong></span> <span class='ocrx_word' id='word_1_71' title='bbox 1064 1759 1116 1844; x_wconf 74' lang='lat' dir='ltr'>l³),</span> <span class='ocrx_word' id='word_1_72' title='bbox 1139 1766 1175 1824; x_wconf 88' lang='lat' dir='ltr'>ut</span> <span class='ocrx_word' id='word_1_73' title='bbox 1195 1778 1344 1844; x_wconf 82' lang='lat' dir='ltr'>anapaes-</span> 
     </span>
    </p>

    <p class='ocr_par' dir='ltr' id='par_1_6' title="bbox 174 1855 1346 2277">
     <span class='ocr_line' id='line_1_11' title="bbox 205 1855 1342 1954; baseline -0.006 -20"><span class='ocrx_word' id='word_1_74' title='bbox 205 1875 289 1952; x_wconf 80' lang='lat' dir='ltr'>tum,</span> <span class='ocrx_word' id='word_1_75' title='bbox 311 1870 396 1934; x_wconf 68' lang='lat' dir='ltr'>Pera.</span> <span class='ocrx_word' id='word_1_76' title='bbox 418 1870 482 1934; x_wconf 83' lang='lat'>419</span> <span class='ocrx_word' id='word_1_77' title='bbox 504 1867 627 1948; x_wconf 80' lang='grc' dir='ltr'><strong>παίοντ’,</strong></span> <span class='ocrx_word' id='word_1_78' title='bbox 662 1870 725 1934; x_wconf 84' lang='grc'>509</span> <span class='ocrx_word' id='word_1_79' title='bbox 750 1855 862 1948; x_wconf 82' lang='grc' dir='ltr'><strong>πῖπτον,</strong></span> <span class='ocrx_word' id='word_1_80' title='bbox 885 1870 977 1954; x_wconf 72' lang='lat' dir='ltr'>figm.</span> <span class='ocrx_word' id='word_1_81' title='bbox 1001 1871 1063 1933; x_wconf 86' lang='lat'>309</span> <span class='ocrx_word' id='word_1_82' title='bbox 1088 1868 1216 1949; x_wconf 82' lang='lat' dir='ltr'>(Herm.)</span> <span class='ocrx_word' id='word_1_83' title='bbox 1239 1864 1342 1928; x_wconf 79' lang='grc' dir='ltr'><strong>κλαίε-</strong></span> 
     </span>
     <span class='ocr_line' id='line_1_12' title="bbox 174 1958 1346 2064; baseline 0 -23"><span class='ocrx_word' id='word_1_84' title='bbox 174 1958 179 1965; x_wconf 45' lang='grc'><strong><em>’</em></strong></span> <span class='ocrx_word' id='word_1_85' title='bbox 206 2002 290 2056; x_wconf 86' lang='grc' dir='ltr'><strong>σκον,</strong></span> <span class='ocrx_word' id='word_1_86' title='bbox 320 1983 356 2042; x_wconf 92' lang='lat' dir='ltr'>ut</span> <span class='ocrx_word' id='word_1_87' title='bbox 376 1979 550 2063; x_wconf 90' lang='lat' dir='ltr'>spondeum</span> <span class='ocrx_word' id='word_1_88' title='bbox 573 1979 686 2044; x_wconf 88' lang='lat' dir='ltr'>vitaret</span> <span class='ocrx_word' id='word_1_89' title='bbox 708 1979 847 2064; x_wconf 89' lang='lat' dir='ltr'>(insuper</span> <span class='ocrx_word' id='word_1_90' title='bbox 867 1977 1128 2044; x_wconf 82' lang='lat' dir='ltr'>Wilamowitcius</span> <span class='ocrx_word' id='word_1_91' title='bbox 1149 1995 1201 2041; x_wconf 92' lang='lat' dir='ltr'>me</span> <span class='ocrx_word' id='word_1_92' title='bbox 1222 1976 1346 2041; x_wconf 90' lang='lat' dir='ltr'>monuit</span> 
     </span>
     <span class='ocr_line' id='line_1_13' title="bbox 206 2086 1343 2172; baseline 0 -24"><span class='ocrx_word' id='word_1_93' title='bbox 206 2086 311 2154; x_wconf 84' lang='lat' dir='ltr'>verbis</span> <span class='ocrx_word' id='word_1_94' title='bbox 340 2087 495 2151; x_wconf 84' lang='lat' dir='ltr'>iterativis</span> <span class='ocrx_word' id='word_1_95' title='bbox 522 2086 617 2152; x_wconf 90' lang='lat' dir='ltr'>etiam</span> <span class='ocrx_word' id='word_1_96' title='bbox 645 2087 680 2149; x_wconf 91' lang='lat' dir='ltr'>in</span> <span class='ocrx_word' id='word_1_97' title='bbox 710 2087 847 2171; x_wconf 78' lang='lat' dir='ltr'>pedestri</span> <span class='ocrx_word' id='word_1_98' title='bbox 875 2105 1018 2151; x_wconf 86' lang='lat' dir='ltr'>sermone</span> <span class='ocrx_word' id='word_1_99' title='bbox 1046 2089 1252 2172; x_wconf 79' lang='lat' dir='ltr'>augmentum</span> <span class='ocrx_word' id='word_1_100' title='bbox 1280 2103 1343 2148; x_wconf 91' lang='lat' dir='ltr'>non</span> 
     </span>
     <span class='ocr_line' id='line_1_14' title="bbox 204 2195 432 2277; baseline 0 -18"><span class='ocrx_word' id='word_1_101' title='bbox 204 2214 274 2260; x_wconf 89' lang='lat' dir='ltr'>raro</span> <span class='ocrx_word' id='word_1_102' title='bbox 297 2195 432 2277; x_wconf 81' lang='lat' dir='ltr'>deesse),</span> 
     </span>
    </p>

    <p class='ocr_par' dir='ltr' id='par_1_7' title="bbox 203 2301 1374 2714">
     <span class='ocr_line' id='line_1_15' title="bbox 291 2301 1343 2390; baseline -0.001 -22"><span class='ocrx_word' id='word_1_103' title='bbox 291 2303 348 2368; x_wconf 84' lang='lat'>111.</span> <span class='ocrx_word' id='word_1_104' title='bbox 370 2305 405 2367; x_wconf 91' lang='lat' dir='ltr'>in</span> <span class='ocrx_word' id='word_1_105' title='bbox 427 2304 557 2370; x_wconf 73' lang='lat' dir='ltr'>asticis</span> <span class='ocrx_word' id='word_1_106' title='bbox 578 2305 640 2390; x_wconf 81' lang='lat' dir='ltr'>Ag.</span> <span class='ocrx_word' id='word_1_107' title='bbox 664 2304 725 2368; x_wconf 84' lang='lat'>241</span> <span class='ocrx_word' id='word_1_108' title='bbox 751 2301 880 2388; x_wconf 83' lang='grc' dir='ltr'><strong>φράσεν,</strong></span> <span class='ocrx_word' id='word_1_109' title='bbox 902 2309 938 2368; x_wconf 93' lang='lat' dir='ltr'>ut</span> <span class='ocrx_word' id='word_1_110' title='bbox 959 2309 990 2368; x_wconf 91' lang='lat' dir='ltr'>et</span> <span class='ocrx_word' id='word_1_111' title='bbox 1011 2308 1214 2389; x_wconf 78' lang='lat' dir='ltr'>anapaestum</span> <span class='ocrx_word' id='word_1_112' title='bbox 1236 2307 1268 2367; x_wconf 91' lang='lat' dir='ltr'>et</span> <span class='ocrx_word' id='word_1_113' title='bbox 1288 2303 1343 2367; x_wconf 92' lang='lat' dir='ltr'>tri·</span> 
     </span>
     <span class='ocr_line' id='line_1_16' title="bbox 205 2408 1341 2497; baseline 0 -21"><span class='ocrx_word' id='word_1_114' title='bbox 205 2412 345 2493; x_wconf 88' lang='lat' dir='ltr'>brachyn</span> <span class='ocrx_word' id='word_1_115' title='bbox 369 2408 490 2495; x_wconf 84' lang='grc' dir='ltr'><strong>ἔφρασε,</strong></span> <span class='ocrx_word' id='word_1_116' title='bbox 512 2413 568 2496; x_wconf 93' lang='lat' dir='ltr'>qui</span> <span class='ocrx_word' id='word_1_117' title='bbox 589 2413 658 2476; x_wconf 87' lang='lat' dir='ltr'>loco</span> <span class='ocrx_word' id='word_1_118' title='bbox 681 2413 836 2497; x_wconf 89' lang='lat' dir='ltr'>strophiee</span> <span class='ocrx_word' id='word_1_119' title='bbox 857 2432 922 2476; x_wconf 90' lang='lat' dir='ltr'>nen</span> <span class='ocrx_word' id='word_1_120' title='bbox 943 2413 1162 2497; x_wconf 78' lang='lat' dir='ltr'>respondisset,</span> <span class='ocrx_word' id='word_1_121' title='bbox 1184 2410 1265 2496; x_wconf 86' lang='lat' dir='ltr'>Sept</span> <span class='ocrx_word' id='word_1_122' title='bbox 1280 2411 1341 2476; x_wconf 93' lang='grc'>760</span> 
     </span>
     <span class='ocr_line' id='line_1_17' title="bbox 203 2518 1374 2606; baseline 0 -24"><span class='ocrx_word' id='word_1_123' title='bbox 203 2520 283 2604; x_wconf 83' lang='grc' dir='ltr'><strong>τίαν,</strong></span> <span class='ocrx_word' id='word_1_124' title='bbox 304 2526 342 2586; x_wconf 92' lang='lat' dir='ltr'>ut</span> <span class='ocrx_word' id='word_1_125' title='bbox 362 2522 537 2606; x_wconf 89' lang='lat' dir='ltr'>spondeum</span> <span class='ocrx_word' id='word_1_126' title='bbox 559 2523 680 2604; x_wconf 82' lang='lat' dir='ltr'>vitaret,</span> <span class='ocrx_word' id='word_1_127' title='bbox 702 2521 756 2586; x_wconf 80' lang='lat' dir='ltr'>Ch.</span> <span class='ocrx_word' id='word_1_128' title='bbox 779 2521 843 2585; x_wconf 87' lang='grc'>604</span> <span class='ocrx_word' id='word_1_129' title='bbox 867 2523 999 2605; x_wconf 84' lang='grc' dir='ltr'><strong>μήσατο,</strong></span> <span class='ocrx_word' id='word_1_130' title='bbox 1030 2541 1071 2586; x_wconf 88' lang='lat' dir='ltr'>ne</span> <span class='ocrx_word' id='word_1_131' title='bbox 1093 2522 1189 2586; x_wconf 88' lang='lat' dir='ltr'>arsim</span> <span class='ocrx_word' id='word_1_132' title='bbox 1211 2522 1342 2585; x_wconf 88' lang='lat' dir='ltr'>solveret</span> <span class='ocrx_word' id='word_1_133' title='bbox 1371 2518 1374 2523; x_wconf 79' lang='grc'><strong>’</strong></span> 
     </span>
     <span class='ocr_line' id='line_1_18' title="bbox 205 2618 1172 2714; baseline 0 -20"><span class='ocrx_word' id='word_1_134' title='bbox 205 2634 270 2694; x_wconf 85' lang='lat' dir='ltr'>tcto</span> <span class='ocrx_word' id='word_1_135' title='bbox 292 2618 430 2696; x_wconf 88' lang='lat' dir='ltr'>carmine</span> <span class='ocrx_word' id='word_1_136' title='bbox 453 2627 656 2714; x_wconf 56' lang='lat' dir='ltr'>nusquamss)</span> <span class='ocrx_word' id='word_1_137' title='bbox 680 2631 824 2714; x_wconf 86' lang='lat' dir='ltr'>solutam,</span> <span class='ocrx_word' id='word_1_138' title='bbox 846 2631 908 2693; x_wconf 89' lang='grc'>607</span> <span class='ocrx_word' id='word_1_139' title='bbox 932 2649 977 2714; x_wconf 90' lang='lat' dir='ltr'>sq.</span> <span class='ocrx_word' id='word_1_140' title='bbox 1169 2621 1172 2631; x_wconf 75' lang='grc'><em>’</em></span> 
     </span>
    </p>
   </div>
   <div class='ocr_carea' id='block_1_3' title="bbox 377 2734 791 2931">
    <p class='ocr_par' dir='ltr' id='par_1_8' title="bbox 377 2734 791 2931">
     <span class='ocr_line' id='line_1_19' title="bbox 378 2734 791 2822; baseline 0.002 -22"><span class='ocrx_word' id='word_1_141' title='bbox 378 2734 466 2800; x_wconf 80' lang='grc' dir='ltr'><strong>δαλὸν</strong></span> <span class='ocrx_word' id='word_1_142' title='bbox 490 2737 579 2822; x_wconf 77' lang='grc' dir='ltr'><strong>ἥλικ’,</strong></span> <span class='ocrx_word' id='word_1_143' title='bbox 604 2735 668 2801; x_wconf 76' lang='grc' dir='ltr'><strong>ἐπεὶ</strong></span> <span class='ocrx_word' id='word_1_144' title='bbox 692 2739 791 2822; x_wconf 82' lang='grc' dir='ltr'><strong>μολὼν</strong></span> 
     </span>
     <span class='ocr_line' id='line_1_20' title="bbox 377 2844 765 2931; baseline 0.003 -23"><span class='ocrx_word' id='word_1_145' title='bbox 377 2846 523 2931; x_wconf 81' lang='grc' dir='ltr'><strong>ματρόθεν</strong></span> <span class='ocrx_word' id='word_1_146' title='bbox 545 2844 765 2930; x_wconf 80' lang='grc' dir='ltr'><strong>κελάδησε,</strong></span> 
     </span>
    </p>
   </div>
   <div class='ocr_carea' id='block_1_4' title="bbox 83 2956 1342 3056">
    <p class='ocr_par' dir='ltr' id='par_1_9' title="bbox 83 2956 1342 3056">
     <span class='ocr_line' id='line_1_21' title="bbox 83 2956 1342 3056; baseline 0.002 -37"><span class='ocrx_word' id='word_1_147' title='bbox 83 3023 89 3056; x_wconf 63' lang='grc'><strong>,</strong></span> <span class='ocrx_word' id='word_1_148' title='bbox 205 2974 269 3019; x_wconf 92' lang='lat' dir='ltr'>non</span> <span class='ocrx_word' id='word_1_149' title='bbox 290 2957 393 3020; x_wconf 90' lang='lat' dir='ltr'>solum</span> <span class='ocrx_word' id='word_1_150' title='bbox 415 2956 455 3020; x_wconf 92' lang='lat' dir='ltr'>cb</span> <span class='ocrx_word' id='word_1_151' title='bbox 478 2975 547 3022; x_wconf 89' lang='lat' dir='ltr'>earn</span> <span class='ocrx_word' id='word_1_152' title='bbox 563 2973 711 3041; x_wconf 82' lang='lat' dir='ltr'>eausam,¹</span> <span class='ocrx_word' id='word_1_153' title='bbox 722 2977 817 3042; x_wconf 90' lang='lat' dir='ltr'>quam</span> <span class='ocrx_word' id='word_1_154' title='bbox 831 2957 924 3021; x_wconf 89' lang='lat' dir='ltr'>medo</span> <span class='ocrx_word' id='word_1_155' title='bbox 940 2957 1038 3040; x_wconf 77' lang='lat' dir='ltr'>attuli,</span> <span class='ocrx_word' id='word_1_156' title='bbox 1061 2958 1116 3022; x_wconf 92' lang='lat' dir='ltr'>sed</span> <span class='ocrx_word' id='word_1_157' title='bbox 1139 2958 1234 3022; x_wconf 88' lang='lat' dir='ltr'>etiam</span> <span class='ocrx_word' id='word_1_158' title='bbox 1258 2957 1342 3042; x_wconf 88' lang='lat' dir='ltr'>quod</span> 
     </span>
    </p>
   </div>
   <div class='ocr_carea' id='block_1_5' title="bbox 201 3065 1394 3588">
    <p class='ocr_par' dir='ltr' id='par_1_10' title="bbox 201 3065 1394 3588">
     <span class='ocr_line' id='line_1_22' title="bbox 205 3065 1342 3151; baseline 0.003 -23"><span class='ocrx_word' id='word_1_159' title='bbox 205 3065 367 3150; x_wconf 86' lang='lat' dir='ltr'>priapeum</span> <span class='ocrx_word' id='word_1_160' title='bbox 388 3066 556 3150; x_wconf 72' lang='lat' dir='ltr'>habentia,</span> <span class='ocrx_word' id='word_1_161' title='bbox 588 3067 623 3130; x_wconf 92' lang='lat' dir='ltr'>in</span> <span class='ocrx_word' id='word_1_162' title='bbox 646 3087 709 3151; x_wconf 92' lang='lat' dir='ltr'>que</span> <span class='ocrx_word' id='word_1_163' title='bbox 731 3067 885 3150; x_wconf 86' lang='lat' dir='ltr'>syllabam</span> <span class='ocrx_word' id='word_1_164' title='bbox 907 3067 1027 3131; x_wconf 87' lang='lat' dir='ltr'>solvere</span> <span class='ocrx_word' id='word_1_165' title='bbox 1049 3067 1209 3131; x_wconf 88' lang='lat' dir='ltr'>nonlicet</span> <span class='ocrx_word' id='word_1_166' title='bbox 1232 3067 1342 3148; x_wconf 77' lang='lat' dir='ltr'>(wila-</span> 
     </span>
     <span class='ocr_line' id='line_1_23' title="bbox 204 3171 1343 3259; baseline 0.004 -23"><span class='ocrx_word' id='word_1_167' title='bbox 204 3173 400 3257; x_wconf 79' lang='lat' dir='ltr'>mcwitzius)</span> <span class='ocrx_word' id='word_1_168' title='bbox 422 3173 527 3259; x_wconf 78' lang='lat' dir='ltr'>Suppi</span> <span class='ocrx_word' id='word_1_169' title='bbox 545 3175 608 3238; x_wconf 85' lang='lat'>589</span> <span class='ocrx_word' id='word_1_170' title='bbox 623 3173 739 3256; x_wconf 77' lang='grc' dir='ltr'><strong>γείνατο</strong></span> <span class='ocrx_word' id='word_1_171' title='bbox 754 3171 799 3258; x_wconf 80' lang='lat'>1⁵),</span> <span class='ocrx_word' id='word_1_172' title='bbox 822 3175 906 3258; x_wconf 87' lang='lat' dir='ltr'>quod</span> <span class='ocrx_word' id='word_1_173' title='bbox 928 3171 1083 3255; x_wconf 72' lang='grc' dir='ltr'><strong>ἐγείνατμ)</strong></span> <span class='ocrx_word' id='word_1_174' title='bbox 1110 3175 1242 3239; x_wconf 89' lang='lat' dir='ltr'>dimetro</span> <span class='ocrx_word' id='word_1_175' title='bbox 1263 3176 1343 3239; x_wconf 90' lang='lat' dir='ltr'>iarn-</span> 
     </span>
     <span class='ocr_line' id='line_1_24' title="bbox 205 3280 1341 3372; baseline 0.002 -26"><span class='ocrx_word' id='word_1_176' title='bbox 205 3283 285 3366; x_wconf 88' lang='lat' dir='ltr'>bice,</span> <span class='ocrx_word' id='word_1_177' title='bbox 307 3281 412 3367; x_wconf 87' lang='lat' dir='ltr'>Suppl.</span> <span class='ocrx_word' id='word_1_178' title='bbox 430 3284 492 3347; x_wconf 86' lang='grc'>576</span> <span class='ocrx_word' id='word_1_179' title='bbox 515 3280 662 3364; x_wconf 79' lang='grc' dir='ltr'><strong>πάλλοντ’,</strong></span> <span class='ocrx_word' id='word_1_180' title='bbox 688 3285 773 3369; x_wconf 88' lang='lat' dir='ltr'>qued</span> <span class='ocrx_word' id='word_1_181' title='bbox 788 3281 972 3365; x_wconf 73' lang='grc' dir='ltr'><strong>ἐπάλλαντμ)</strong></span> <span class='ocrx_word' id='word_1_182' title='bbox 995 3284 1204 3368; x_wconf 87' lang='lat' dir='ltr'>pherecrateo,</span> <span class='ocrx_word' id='word_1_183' title='bbox 1227 3284 1341 3372; x_wconf 77' lang='lat' dir='ltr'>Agam.</span> 
     </span>
     <span class='ocr_line' id='line_1_25' title="bbox 207 3389 1344 3478; baseline 0.002 -23"><span class='ocrx_word' id='word_1_184' title='bbox 207 3392 269 3456; x_wconf 88' lang='grc'>190</span> <span class='ocrx_word' id='word_1_185' title='bbox 293 3389 453 3475; x_wconf 85' lang='grc' dir='ltr'><strong>βαράνοντ’,</strong></span> <span class='ocrx_word' id='word_1_186' title='bbox 479 3393 564 3477; x_wconf 89' lang='lat' dir='ltr'>qued</span> <span class='ocrx_word' id='word_1_187' title='bbox 584 3390 785 3478; x_wconf 73' lang='grc' dir='ltr'><strong>ἐβαρύνοντάν)</strong></span> <span class='ocrx_word' id='word_1_188' title='bbox 808 3393 948 3458; x_wconf 87' lang='lat' dir='ltr'>trimetro</span> <span class='ocrx_word' id='word_1_189' title='bbox 969 3393 1105 3458; x_wconf 89' lang='lat' dir='ltr'>iambico</span> <span class='ocrx_word' id='word_1_190' title='bbox 1128 3397 1183 3457; x_wconf 91' lang='lat' dir='ltr'>aut</span> <span class='ocrx_word' id='word_1_191' title='bbox 1202 3412 1266 3457; x_wconf 90' lang='lat' dir='ltr'>non</span> <span class='ocrx_word' id='word_1_192' title='bbox 1281 3397 1344 3457; x_wconf 75' lang='lat' dir='ltr'>‘aut</span> 
     </span>
     <span class='ocr_line' id='line_1_26' title="bbox 201 3481 1394 3588; baseline 0.001 -24"><span class='ocrx_word' id='word_1_193' title='bbox 201 3495 375 3565; x_wconf 84' lang='lat' dir='ltr'>&#39;difficulter</span> <span class='ocrx_word' id='word_1_194' title='bbox 396 3502 495 3585; x_wconf 87' lang='lat' dir='ltr'>aptari</span> <span class='ocrx_word' id='word_1_195' title='bbox 516 3507 649 3588; x_wconf 77' lang='lat' dir='ltr'>poterat3</span> <span class='ocrx_word' id='word_1_196' title='bbox 675 3501 809 3587; x_wconf 80' lang='lat' dir='ltr'>Ohoeph.</span> <span class='ocrx_word' id='word_1_197' title='bbox 832 3502 896 3566; x_wconf 91' lang='grc'>418</span> <span class='ocrx_word' id='word_1_198' title='bbox 919 3498 1065 3586; x_wconf 83' lang='grc' dir='ltr'><strong>πάθομεν,</strong></span> <span class='ocrx_word' id='word_1_199' title='bbox 1088 3502 1172 3586; x_wconf 85' lang='lat' dir='ltr'>quod</span> <span class='ocrx_word' id='word_1_200' title='bbox 1193 3503 1229 3565; x_wconf 90' lang='lat' dir='ltr'>in</span> <span class='ocrx_word' id='word_1_201' title='bbox 1249 3501 1341 3566; x_wconf 89' lang='lat' dir='ltr'>initio</span> <span class='ocrx_word' id='word_1_202' title='bbox 1393 3481 1394 3486; x_wconf 7' lang='grc' dir='ltr'><strong>λ</strong></span> 
     </span>
    </p>
   </div>
   <div class='ocr_carea' id='block_1_6' title="bbox 205 3749 1344 4385">
    <p class='ocr_par' dir='ltr' id='par_1_11' title="bbox 205 3749 1344 4010">
     <span class='ocr_line' id='line_1_27' title="bbox 278 3749 1344 3821; baseline 0.001 -15"><span class='ocrx_word' id='word_1_203' title='bbox 278 3751 322 3818; x_wconf 87' lang='grc'>13)</span> <span class='ocrx_word' id='word_1_204' title='bbox 341 3749 416 3805; x_wconf 88' lang='lat' dir='ltr'>Pers.</span> <span class='ocrx_word' id='word_1_205' title='bbox 439 3751 486 3804; x_wconf 88' lang='lat'>191</span> <span class='ocrx_word' id='word_1_206' title='bbox 507 3753 534 3805; x_wconf 91' lang='lat' dir='ltr'>et</span> <span class='ocrx_word' id='word_1_207' title='bbox 552 3749 626 3818; x_wconf 83' lang='lat' dir='ltr'>Sept.</span> <span class='ocrx_word' id='word_1_208' title='bbox 646 3752 771 3807; x_wconf 66' lang='lat' dir='ltr'>595⁴non</span> <span class='ocrx_word' id='word_1_209' title='bbox 791 3758 848 3818; x_wconf 86' lang='lat' dir='ltr'>est,</span> <span class='ocrx_word' id='word_1_210' title='bbox 868 3768 916 3806; x_wconf 85' lang='lat' dir='ltr'>cur·</span> <span class='ocrx_word' id='word_1_211' title='bbox 934 3769 988 3807; x_wconf 93' lang='lat' dir='ltr'>non</span> <span class='ocrx_word' id='word_1_212' title='bbox 1007 3753 1157 3808; x_wconf 85' lang='lat' dir='ltr'>scribamus</span> <span class='ocrx_word' id='word_1_213' title='bbox 1177 3767 1227 3820; x_wconf 85' lang='lat' dir='ltr'>per·</span> <span class='ocrx_word' id='word_1_214' title='bbox 1245 3752 1344 3821; x_wconf 83' lang='lat' dir='ltr'>aphae-</span> 
     </span>
     <span class='ocr_line' id='line_1_28' title="bbox 205 3839 1343 3918; baseline 0.002 -19"><span class='ocrx_word' id='word_1_215' title='bbox 205 3844 279 3899; x_wconf 85' lang='lat' dir='ltr'>resin</span> <span class='ocrx_word' id='word_1_216' title='bbox 297 3842 397 3896; x_wconf 80' lang='grc' dir='ltr'><strong>’δάκουν</strong></span> <span class='ocrx_word' id='word_1_217' title='bbox 416 3845 454 3912; x_wconf 87' lang='lat' dir='ltr'>(et</span> <span class='ocrx_word' id='word_1_218' title='bbox 473 3843 512 3897; x_wconf 86' lang='lat' dir='ltr'>sic</span> <span class='ocrx_word' id='word_1_219' title='bbox 530 3844 579 3912; x_wconf 89' lang='lat' dir='ltr'>M.)</span> <span class='ocrx_word' id='word_1_220' title='bbox 598 3851 626 3898; x_wconf 93' lang='lat' dir='ltr'>et</span> <span class='ocrx_word' id='word_1_221' title='bbox 643 3843 721 3917; x_wconf 77' lang='grc' dir='ltr'><strong>’δάμη</strong></span> <span class='ocrx_word' id='word_1_222' title='bbox 747 3839 804 3914; x_wconf 86' lang='grc' dir='ltr'><strong>(Μ.’</strong></span> <span class='ocrx_word' id='word_1_223' title='bbox 816 3845 914 3918; x_wconf 80' lang='grc' dir='ltr'><strong>δάμη);</strong></span> <span class='ocrx_word' id='word_1_224' title='bbox 942 3846 1012 3914; x_wconf 87' lang='lat' dir='ltr'>qued</span> <span class='ocrx_word' id='word_1_225' title='bbox 1039 3845 1109 3900; x_wconf 84' lang='lat' dir='ltr'>idem</span> <span class='ocrx_word' id='word_1_226' title='bbox 1129 3845 1203 3901; x_wconf 89' lang='lat' dir='ltr'>cadit</span> <span class='ocrx_word' id='word_1_227' title='bbox 1222 3847 1250 3900; x_wconf 94' lang='lat' dir='ltr'>in</span> <span class='ocrx_word' id='word_1_228' title='bbox 1268 3845 1343 3914; x_wconf 86' lang='lat' dir='ltr'>Sept.</span> 
     </span>
     <span class='ocr_line' id='line_1_29' title="bbox 206 3915 1110 4010; baseline 0.003 -19"><span class='ocrx_word' id='word_1_229' title='bbox 206 3939 258 3992; x_wconf 83' lang='lat'>446</span> <span class='ocrx_word' id='word_1_230' title='bbox 275 3936 396 4010; x_wconf 69' lang='grc' dir='ltr'><strong>’πρμσ</strong></span> <span class='ocrx_word' id='word_1_231' title='bbox 415 3937 464 4006; x_wconf 85' lang='lat' dir='ltr'>(u.</span> <span class='ocrx_word' id='word_1_232' title='bbox 482 3937 613 4010; x_wconf 70' lang='grc' dir='ltr'><strong>πρησεν).</strong></span> <span class='ocrx_word' id='word_1_233' title='bbox 1103 3915 1110 3930; x_wconf 84' lang='grc'><strong>’</strong></span> 
     </span>
    </p>

    <p class='ocr_par' dir='ltr' id='par_1_12' title="bbox 279 4030 708 4102">
     <span class='ocr_line' id='line_1_30' title="bbox 279 4030 708 4102; baseline 0.007 -18"><span class='ocrx_word' id='word_1_234' title='bbox 279 4032 322 4099; x_wconf 90' lang='grc'>14)</span> <span class='ocrx_word' id='word_1_235' title='bbox 340 4030 450 4102; x_wconf 78' lang='grc' dir='ltr'><strong>ἐπικάττμ</strong></span> <span class='ocrx_word' id='word_1_236' title='bbox 470 4033 522 4086; x_wconf 79' lang='grc'>626</span> <span class='ocrx_word' id='word_1_237' title='bbox 542 4038 708 4101; x_wconf 88' lang='lat' dir='ltr'>corruptum.</span> 
     </span>
    </p>

    <p class='ocr_par' dir='ltr' id='par_1_13' title="bbox 206 4122 1344 4385">
     <span class='ocr_line' id='line_1_31' title="bbox 280 4122 1343 4199; baseline 0.005 -22"><span class='ocrx_word' id='word_1_238' title='bbox 280 4123 324 4192; x_wconf 91' lang='grc'>15)</span> <span class='ocrx_word' id='word_1_239' title='bbox 342 4122 384 4178; x_wconf 87' lang='lat' dir='ltr'>De</span> <span class='ocrx_word' id='word_1_240' title='bbox 403 4123 507 4195; x_wconf 77' lang='grc' dir='ltr'><strong>’γείνατο</strong></span> <span class='ocrx_word' id='word_1_241' title='bbox 525 4125 642 4195; x_wconf 83' lang='lat' dir='ltr'>cogitari</span> <span class='ocrx_word' id='word_1_242' title='bbox 660 4132 754 4194; x_wconf 86' lang='lat' dir='ltr'>posset</span> <span class='ocrx_word' id='word_1_243' title='bbox 772 4127 871 4197; x_wconf 86' lang='lat' dir='ltr'>(neque</span> <span class='ocrx_word' id='word_1_244' title='bbox 890 4127 961 4182; x_wconf 88' lang='lat' dir='ltr'>enirn</span> <span class='ocrx_word' id='word_1_245' title='bbox 979 4134 1033 4196; x_wconf 87' lang='lat' dir='ltr'>est,</span> <span class='ocrx_word' id='word_1_246' title='bbox 1059 4144 1107 4182; x_wconf 91' lang='lat' dir='ltr'>cur</span> <span class='ocrx_word' id='word_1_247' title='bbox 1122 4133 1185 4196; x_wconf 89' lang='lat' dir='ltr'>post</span> <span class='ocrx_word' id='word_1_248' title='bbox 1202 4127 1271 4199; x_wconf 78' lang='grc' dir='ltr'><strong>λόγῳ</strong></span> <span class='ocrx_word' id='word_1_249' title='bbox 1290 4128 1343 4182; x_wconf 85' lang='grc'>588</span> 
     </span>
     <span class='ocr_line' id='line_1_32' title="bbox 206 4217 1344 4292; baseline 0.002 -20"><span class='ocrx_word' id='word_1_250' title='bbox 206 4217 368 4284; x_wconf 87' lang='lat' dir='ltr'>interrumpi</span> <span class='ocrx_word' id='word_1_251' title='bbox 385 4219 431 4292; x_wconf 69' lang='grc' dir='ltr'>τὴν</span> <span class='ocrx_word' id='word_1_252' title='bbox 450 4219 581 4291; x_wconf 71' lang='lat' dir='ltr'>occiperes</span> <span class='ocrx_word' id='word_1_253' title='bbox 601 4222 773 4292; x_wconf 84' lang='lat' dir='ltr'>statuamus),</span> <span class='ocrx_word' id='word_1_254' title='bbox 792 4220 845 4274; x_wconf 88' lang='lat' dir='ltr'>nisi</span> <span class='ocrx_word' id='word_1_255' title='bbox 859 4221 1019 4290; x_wconf 86' lang='lat' dir='ltr'>aphaeresis</span> <span class='ocrx_word' id='word_1_256' title='bbox 1032 4222 1059 4275; x_wconf 91' lang='lat' dir='ltr'>in</span> <span class='ocrx_word' id='word_1_257' title='bbox 1069 4221 1184 4276; x_wconf 86' lang='lat' dir='ltr'>canticis</span> <span class='ocrx_word' id='word_1_258' title='bbox 1203 4221 1344 4278; x_wconf 83' lang='lat' dir='ltr'>rarissima</span> 
     </span>
     <span class='ocr_line' id='line_1_33' title="bbox 207 4309 976 4385; baseline 0.001 -17"><span class='ocrx_word' id='word_1_259' title='bbox 207 4317 294 4381; x_wconf 82' lang='lat' dir='ltr'>esset3</span> <span class='ocrx_word' id='word_1_260' title='bbox 314 4309 385 4366; x_wconf 86' lang='lat' dir='ltr'>idem</span> <span class='ocrx_word' id='word_1_261' title='bbox 403 4311 436 4368; x_wconf 87' lang='lat' dir='ltr'>da</span> <span class='ocrx_word' id='word_1_262' title='bbox 455 4310 535 4385; x_wconf 73' lang='grc' dir='ltr'><strong>σάάην</strong></span> <span class='ocrx_word' id='word_1_263' title='bbox 555 4313 644 4370; x_wconf 87' lang='lat' dir='ltr'>Prcm.</span> <span class='ocrx_word' id='word_1_264' title='bbox 666 4313 908 4370; x_wconf 66' lang='lat' dir='ltr'>recrescentium</span> <span class='ocrx_word' id='word_1_265' title='bbox 926 4320 976 4370; x_wconf 90' lang='lat' dir='ltr'>est.</span> 
     </span>
    </p>
   </div>
   <div class='ocr_carea' id='block_1_7' title="bbox 0 0 1537 4924">
    <p class='ocr_par' dir='ltr' id='par_1_14' title="bbox 0 0 1537 4924">
     <span class='ocr_line' id='line_1_34' title="bbox 0 0 1537 4924; baseline 0 0"><span class='ocrx_word' id='word_1_266' title='bbox 0 0 1537 4924; x_wconf 95' lang='lat' dir='ltr'> </span> 
     </span>
    </p>
   </div>
  </div>
 </body>
</html>
