3064 4924
738 295 779 359 12

655 464 709 529 οόκ
731 465 880 552 ἐκρύφθη,

383 573 488 659 πρέπει
510 572 553 652 δέ,
579 577 646 654 φῶς
669 573 858 658 αἰνολαμπές,
883 574 978 647 σίνος·

382 685 477 745 κακοῦ
500 678 534 743 δὲ
556 683 671 766 χαλκοῦ
693 683 800 767 τρόπον
826 730 832 746 .
857 731 864 746 .
891 731 898 746 .

383 787 581 874 μελαμπαγὴς
604 789 688 853 πέλει

382 897 564 978 δικαιωθείς,
588 899 654 964 soil
678 898 694 960 6
718 897 866 970 σινωθείς.

689 1006 829 1072 enen

383 1113 446 1178 ἀντί
470 1112 503 1178 δέ
525 1116 642 1198 πληγῆς
665 1114 771 1199 φονίας
792 1113 895 1203 φονίαν

382 1221 500 1307 πληγὴν
522 1222 642 1303 τινέτω,
675 1225 741 1288 soil.
765 1223 781 1285 6
810 1223 926 1306 πλήξας

186 1335 254 1418 vel,
283 1338 319 1398 ut
339 1333 522 1416 scholiasta,
551 1333 566 1394 6
591 1330 747 1416 φονεύσας.
794 1333 898 1397 Prom.
922 1333 984 1397 115

379 1438 422 1511 τίς
445 1439 523 1524 ἀχώ,
546 1438 589 1511 τίς
612 1436 692 1522 lep&

380 1547 527 1632 προςέπτα
551 1548 581 1630 μ’
605 1548 751 1633 ἀφεγγής,

382 1656 524 1726 θεόσυτος
547 1659 566 1738 ἢ
592 1657 722 1740 βρότειος
744 1659 764 1738 ἢ
787 1657 974 1741 κεκραμένη;

381 1760 461 1826 ἵκετο
483 1765 633 1848 τερμόνιον
657 1761 705 1825 ἐπί
727 1761 820 1845 πάγον

380 1872 477 1934 πόνων
501 1871 580 1953 ἐμῶν
604 1871 730 1954 θεωρός,
755 1874 774 1953 ἢ
797 1869 825 1933 τί
848 1869 885 1954 δὴ
910 1870 1025 1948 θέλων;

187 1981 242 2063 qui
264 1980 352 2044 loous
373 1999 437 2042 non
461 1984 594 2043 vexatus
623 1985 705 2044 esset
725 2001 744 2043 a
765 1981 897 2063 oritiois,
926 1981 961 2042 in
990 1981 1152 2044 enuntiato
1174 1984 1329 2064 postremo

185 2089 408 2172 pronominum
429 2083 471 2157 τίς
494 2088 545 2151 τινί
567 2085 608 2157 τίς
631 2087 831 2171 aliquomodo
860 2089 1100 2152 inserendorum
1121 2088 1279 2170 studiosis,
1302 2087 1330 2151 si

186 2213 228 2258 ex
247 2193 316 2277 ἀχώ
339 2198 371 2257 et
392 2189 471 2274 ὀδμά
493 2212 579 2256 nuno
601 2193 855 2256 subaudiendum
877 2212 945 2257 esse
969 2192 985 2254 6
1007 2191 1059 2277 τὴν
1083 2193 1156 2288 61⁰2
1160 2241 1166 2271 ,
1198 2190 1251 2276 τὴν
1275 2191 1329 2253 66-

186 2297 243 2383 μὴν
266 2297 441 2382 ποιούμενος
463 2299 703 2364 intellexissent

271 2409 376 2474 Etiam
398 2411 431 2472 in
456 2407 548 2492 Soph.
573 2407 648 2472 Oed.
672 2413 730 2490 tyr.
755 2409 818 2472 873
842 2429 895 2492 sq,
918 2409 973 2472 ubi
995 2409 1146 2474 traditum
1168 2414 1230 2474 est:

382 2516 464 2601 θβρις
487 2514 607 2598 φυτεύει
628 2513 783 2600 τόραννον·

381 2624 463 2709 ὕβρις
485 2624 511 2686 εἰ
533 2625 651 2687 πολλῶν
675 2623 873 2708 ὑπερπλησθῇ
898 2622 1002 2707 μάταν,

381 2731 400 2796 ἃ
424 2731 464 2818 μὴ
484 2730 620 2817 ’πίκαιρα
644 2730 721 2817 μηδὲ
744 2729 944 2816 συμφέροντα,

381 2839 544 2925 ἀκροτάταν
568 2840 755 2925 εἰςαναβᾶσ’

381 2946 466 3020 αἶπος
488 2949 637 3032 ἀπότομον
663 2947 793 3032 ὤρουσεν
819 2948 860 3018 εἰς
883 2945 1014 3029 ἀνάγκαν

185 3057 281 3122 scribi
311 3057 407 3121 velim
438 3053 632 3141 εἰςονοβάς,
674 3077 769 3141 quom
798 3057 1012 3121 coniecturam
1043 3056 1143 3120 multo
1172 3061 1245 3120 ante
1275 3075 1328 3120 me

185 3187 204 3230 ο
225 3164 366 3249 Bergkio
387 3167 502 3229 factam
523 3166 713 3229 recentiores
734 3165 854 3228 iniuria
874 3165 1060 3227 reiecerunt

271 3273 362 3337 Alios
383 3278 489 3337 autem
511 3273 693 3356 scriptores,
726 3273 783 3355 qui
805 3272 938 3336 eundem
968 3270 1031 3336 sibi
1053 3272 1179 3335 dicendi
1201 3270 1328 3336 liberta·

184 3385 248 3445 tem
269 3381 475 3460 indulserint,
503 3381 606 3445 adhuc
627 3399 690 3444 non
713 3379 829 3461 habeo,
862 3379 925 3443 nisi
948 3377 1144 3460 Ciceronem,
1172 3379 1209 3441 of.
1233 3397 1258 3442 e.
1280 3400 1327 3462 gr.

185 3491 224 3553 de
245 3489 329 3574 legg.
352 3489 368 3553 I
392 3490 442 3572 18,
463 3491 506 3553 48
530 3489 607 3572 quid
630 3487 824 3552 liberalitas?
853 3488 1032 3572 grauntane
1054 3491 1102 3550 est
1123 3506 1163 3549 an
1186 3505 1328 3551 meroen·

185 3597 298 3661 nuria?
321 3598 440 3662 sisino
462 3598 601 3681 praemio
624 3597 800 3680 benignus
824 3601 879 3678 est,
900 3595 1040 3679 gratuito
1061 3599 1135 3676 eto,
1164 3594 1220 3658 ubi
1241 3594 1328 3658 Vah·

183 3707 275 3770 lenus
298 3706 454 3769 videndus
476 3711 532 3771 est.

271 3811 375 3896 Sept
398 3813 486 3876 849.
531 3811 652 3876 Chorus
666 3811 862 3895 Antigonam
886 3815 918 3875 et
938 3809 1096 3874 Ismenum
1118 3811 1250 3874 fratrum
1273 3809 1326 3874 de·

183 3922 406 4006 plorandorum
429 3939 524 3984 ceusu
548 3921 833 4004 appropinquantes
855 3918 950 3981 videt

651 4025 704 4089 οάκ
728 4026 957 4112 ἀμφιβόλως

379 4131 463 4217 οίμαί
486 4135 538 4220 σφ’
563 4135 676 4219 ἐρατῶν
698 4134 732 4196 ἐκ
756 4133 955 4218 βαθυκόλπων

378 4242 516 4324 στηθέων
539 4245 622 4328 ἥσειν
646 4239 737 4325 ἄλγος
759 4239 886 4312 ἐπάξιον.

269 4348 337 4413 Neo
358 4369 433 4415 vero
456 4352 566 4435 quinto
589 4350 876 4437 saeculo-tragicus
895 4369 999 4436 neque
1021 4349 1103 4415 alius
1123 4352 1214 4435 posu
1236 4348 1329 4436 ἀμφι-
