3064 4924
752 266 795 330 21

289 439 399 506 Eum„
427 442 513 505 739.
558 439 713 525 Loquitur
735 438 895 505 Minerva:

378 568 475 651 μήτηρ
497 562 554 651 γὰρ
580 563 658 637 οὔτις
681 562 757 630 ἐστὶν
780 567 800 650 ἥ
823 565 854 649 μ’
877 564 1019 647 ἐγείνατο,

378 671 410 737 τὸ
435 673 463 736 δ’
487 670 575 758 ἄρσεν
600 673 673 738 αἰνῶ
695 670 799 754 πάντα,
822 669 898 759 πλὴν
922 672 1019 762 γάμου
1042 675 1152 762 τυχεῖν,

379 781 485 846 ἅπαντι
509 782 606 866 δοριξ,
630 779 751 866 κάρτα
773 780 801 844 δ’
824 779 905 866 εἰμὶ
926 785 1000 846 τοῶ
1016 783 1166 867 πατρός.

203 908 252 974 De
274 909 378 974 vorbis
400 911 565 994 postremis
587 913 658 994 epte
679 909 813 973 conferri
835 913 937 993 potest
957 909 1044 975 loeus
1066 909 1266 996 Euripiden,
1289 912 1344 996 qui

202 1017 387 1102 interpretes
414 1018 506 1103 fugit
557 1017 781 1099 Clytaemestra
802 1017 888 1082 enim
918 1017 975 1098 (El.
999 1018 1094 1099 1102>
1125 1021 1165 1086 ad
1187 1019 1343 1088 nlenten

203 1144 355 1191 conversa
377 1126 470 1191 dicit:
1207 1123 1208 1127 ’

379 1252 404 1314 ῶ
425 1251 488 1330 παῖ,
512 1249 648 1335 πέφυκας
670 1247 785 1334 πατέρα
807 1246 857 1312 σδν
882 1249 1012 1336 στέργειν
1035 1251 1092 1314 ἀεί.

375 1357 451 1423 ἔστιν
476 1356 581 1422 δὲκαὶ
603 1359 674 1422 τόδ’.
700 1355 727 1421 οἳ
751 1357 802 1442 μέν
826 1359 925 1423 εἰσιν
949 1358 1132 1445 ἀρσένων,
1252 1383 1254 1388 ·

376 1465 404 1531 οἳ
427 1468 454 1530 δ’
480 1467 517 1531 αὖ
540 1469 660 1554 φιλοῦσι
683 1467 810 1553 μητέρας
834 1469 945 1552 μᾶλλον
970 1469 1088 1555 πατρός.
1140 1535 1142 1538 ,
1277 1517 1280 1524 .

288 1701 516 1767 sumsll.

374 1807 441 1874 Τῶν
466 1807 687 1895 δυσσεβοῶντων
710 1808 738 1870 δ’
761 1807 952 1894 ἐκφορωτέρα
973 1806 1082 1880 πέλοις.

373 1918 486 2004 στέργω
509 1916 583 2003 γάρ,
606 1914 714 2004 ἀνδρὸς
736 1915 943 2003 φιτυποιρένος
967 1915 1061 2001 δίκην,

295 2109 299 2120 1
371 2023 403 2089 τὸ
426 2030 485 2089 τῶν
508 2025 630 2089 δικαίων
652 2025 740 2088 τῶνδ’
764 2023 930 2109 ἀπένθητον
954 2023 1047 2107 γένος.

284 2149 500 2238 Ἐκφορωτέρα
531 2173 611 2218 crux
643 2136 928 2239 grammaticorum
950 2156 1012 2233 θοὴ
1045 2152 1101 2217 sed
1124 2152 1280 2238 quidquid
1302 2153 1341 2220 de

199 2262 260 2327 hoo
282 2263 377 2328 verbo
399 2264 506 2347 sentis,
530 2264 743 2328 necessarium
764 2263 890 2326 videtur
911 2261 1087 2326 Minervam
1108 2261 1212 2328 dioero
1233 2263 1339 2348 eiquo

199 2370 293 2435 modo
318 2377 371 2436 »tu
393 2372 551 2456 improbos
581 2391 622 2436 ex
656 2371 733 2436 urbo
754 2389 899 2435 remove«
934 2374 965 2434 ot
992 2389 1119 2436 oausam
1140 2371 1257 2437 rddere
1280 2392 1340 2439 »no

198 2478 354 2544 bonorum
376 2480 478 2545 suboli
499 2485 652 2544 noceant«
678 2481 729 2544 vel
752 2479 855 2544 simile
876 2478 1013 2562 aliquid5
1037 2480 1167 2543 ethaeo
1188 2480 1337 2565 cogitatio

199 2593 324 2675 propter
346 2586 452 2673 ἀνδρὸς
475 2588 682 2674 φιτυποιρένος
706 2587 789 2672 δίκην
812 2590 857 2655 its
878 2589 1069 2652 conformato
1090 2607 1158 2653 esse
1181 2587 1282 2673 debet
1304 2594 1339 2654 ut

199 2717 237 2763 ea
257 2698 298 2762 ad
318 2717 387 2764 rem
408 2698 557 2764 rusticam
578 2699 771 2783 respiciatis.
822 2695 928 2794 Sensit
954 2696 1040 2762 idem
1060 2696 1250 2782 Merkelius,
1279 2698 1335 2783 qui

199 2807 334 2873 contest
830 2789 831 2792 ‘

369 2932 483 3019 στένω
506 2931 573 3019 tio
597 2933 627 2997 ἀ·
649 2955 681 3023 ν·
706 2934 747 3014 δ,

369 3043 467 3106 τόπων
491 3042 612 3107 δικαίων
635 3041 724 3105 τῶνδ’
746 3041 913 3126 ἀπένθητον
936 3037 1034 3124 γάνος,

196 3173 295 3238 sensit
315 3171 549 3255 Weckleinius,
579 3171 650 3255 qui,
680 3170 765 3254 quod
785 3189 850 3234 non
871 3170 963 3254 plone
983 3169 1143 3254 intellego,
1164 3188 1220 3256 pro
1239 3167 1335 3234 γσίπέν-

196 3280 288 3364 θητον
310 3278 394 3360 γένος
415 3279 617 3345 scribendum
639 3280 801 3365 proposuit
821 3277 1001 3342 ἀπανθιστδν
1024 3273 1111 3359 γάνος
1134 3279 1186 3360 (=
1199 3278 1335 3346 dieZier

195 3389 252 3455 der
283 3387 458 3454 Geroohten
489 3406 551 3451 von
584 3387 693 3452 diesen
725 3385 957 3472 weggepfliiokt
980 3413 1023 3442 ¹=
1054 3385 1140 3451 disse
1173 3406 1231 3452 eus
1261 3387 1334 3456 dom

195 3497 399 3584 prengenden
413 3495 494 3562 Beet
515 3496 570 3561 der
592 3495 766 3562 Geroohten
787 3494 1025 3582 eusgspfliiokt).
1048 3532 1089 3542 -
1112 3493 1206 3580 Quid,
1226 3494 1255 3562 si
1273 3515 1332 3585 pm

195 3605 311 3693 ἀνδρὸς,
333 3607 418 3692 quod
440 3605 634 3690 superfluum
656 3609 711 3688 est
734 3603 842 3667 ἀνθοῦν
866 3604 1092 3671 substituentes
1114 3605 1267 3691 legimus:

367 3747 481 3835 στέργω
503 3745 560 3834 γὰρ
582 3748 691 3812 ἀνθοῦν
713 3719 920 3839 ριτοποιρένος
942 3746 1026 3833 δίκην

365 3854 399 3920 τδ
420 3861 479 3922 τῶν
502 3856 624 3921 δικαίων
644 3856 733 3922 τῶνδ’
754 3854 921 3942 ἀπένδογτον
942 3855 1046 3940 γένοςῖ
