3064 4924
722 275 769 374 ee
793 393 796 399 ¹

102 657 104 660 ·
165 644 237 722 dep.
252 643 280 707 a.
320 645 364 707 lle
386 643 506 707 scholiis
528 643 673 706 Mediceis
695 643 880 722 corrigendis
901 649 952 708 vel
974 647 1116 712 aliorsum
1138 647 1313 712 referendis.

546 885 551 894 .
637 829 851 897 Prometheae.

255 1009 284 1074 2.
327 1003 378 1068 καλ
401 1004 559 1094 Σοφοκλῆς
595 1004 627 1069 τὸ
661 1006 733 1072 αὐτὸ
763 1005 829 1094 περὶ
859 1009 1046 1094 Φιλοκτήτου
1073 1011 1162 1094 λέγει.
1217 1015 1316 1100 Fugit

165 1135 226 1199 me,
248 1135 305 1180 cur
322 1115 467 1199 editores,
486 1115 571 1200 quod
592 1116 749 1181 similibus
771 1117 849 1181 locis
871 1136 995 1202 semper
1015 1119 1143 1204 faciunt,
1166 1122 1222 1205 qui
1245 1141 1315 1187 vcr-

165 1244 221 1288 sus
244 1223 480 1308 intellegendus
504 1229 594 1307 esset,
617 1244 696 1288 non
719 1227 905 1310 notaverint,
927 1228 992 1291 soil.
1016 1248 1061 1294 vs.
1082 1229 1257 1294 secundus:

348 1378 355 1395 .
380 1378 388 1393 .
413 1330 528 1416 βροτοῖς
551 1327 687 1403 ἄοτιπτος
711 1331 775 1394 οὐδ’
799 1332 968 1418 οἰκουμένη.

256 1440 312 1504 76.
358 1440 395 1503 cf.
418 1439 522 1503 adnot
546 1439 596 1503 19.

257 1549 345 1613 384.
390 1543 518 1631 ποταμοὶ
541 1543 633 1631 πυρὸς
656 1544 814 1620 δάπτοντες
837 1546 954 1634 ἀγρίαις
970 1547 1092 1634 γνάθοις
1112 1551 1117 1639 Ι
1136 1557 1190 1639 τῆς
1212 1555 1315 1619 καλλι-

168 1651 284 1738 κάρτοο
306 1653 445 1726 Σικελίας
467 1651 590 1739 λευροὺς
612 1651 702 1736 ricc:

344 1760 428 1826 ἔνθεν
453 1762 469 1824 ὁ
492 1758 691 1848 Καλλίμαχος
714 1762 900 1848 πορίδειπνόν
922 1787 1005 1854 φησι.

167 1871 301 1938 Felicior
322 1871 467 1936 Bentleio
497 1891 559 1955 quo
581 1871 642 1935 hoc
673 1872 828 1936 scholium
855 1874 1136 1972 referretlomnino
1158 1879 1313 1945 nescienti

52 1971 54 1976 ’
166 1980 305 2065 Toupius
325 1981 387 2044 fuit
410 1979 542 2061 (emend.
565 1980 599 2042 in
622 1975 752 2043 Suidam
773 1979 918 2065 11573),
957 1984 1014 2066 qui
1036 1990 1175 2068 spectare
1198 1987 1239 2052 ad
1260 2012 1313 2052 πο·

166 2085 255 2172 rucei
279 2135 286 2151 .
314 2136 320 2151 .
347 2137 354 2150 .
377 2086 452 2172 γύας
474 2088 645 2169 intellexit,
670 2089 726 2152 sed
749 2088 883 2154 debebat
903 2089 1090 2175 πορίδειπνον
1113 2098 1236 2160 tantum
1258 2115 1314 2182 per

170 2197 230 2262 seb
252 2199 329 2283 igne
351 2215 478 2280 esame,
512 2215 576 2261 non
598 2197 694 2261 etiem
719 2196 932 2262 »ambustam«
958 2205 1096 2284 vertere,
1129 2221 1203 2268 nam
1224 2206 1314 2269 scho-

167 2305 260 2370 liasta
290 2309 396 2390 aperte
429 2304 541 2370 dicere'
566 2305 635 2368 vuult
661 2304 887 2369 Callimachum
921 2325 991 2371 eam
1023 2309 1217 2396 imaginem,
1251 2332 1314 2396 qua

167 2413 347 2496 Aeschylus
368 2413 477 2498 ignem
500 2412 641 2478 Siciliam
673 2412 891 2478 amburentem
912 2415 977 2478 ritu
999 2415 1145 2481 animalis
1167 2418 1313 2485 edentem

166 2521 229 2587 sibi
251 2521 389 2605 finxerit,
411 2523 446 2585 in
468 2541 562 2586 suum
585 2540 679 2585 usum
701 2521 901 2585 convertisse.
936 2520 1082 2586 Ceterum
1103 2520 1172 2608 πυρὶ
1196 2525 1312 2590 δεῖπνον

169 2629 371 2695 scribendum
394 2648 462 2694 esse
484 2650 540 2714 pro
562 2627 759 2713 πορίδειπνον,
781 2629 867 2712 quod
889 2629 1037 2694 adhunc
1059 2631 1144 2696 diem
1166 2633 1313 2699 editioni-

169 2737 229 2802 bus
251 2739 476 2822 circumfertur,
498 2735 760 2822 postHeekerum
781 2741 812 2801 et
834 2734 1070 2821 Schneiderum,
1093 2740 1183 2806 cuiue
1206 2741 1313 2826 dispu-

169 2843 246 2910 tatio
276 2846 310 2909 in
332 2845 551 2911 Callimacheis
572 2843 605 2908 ΙΙ
628 2845 688 2908 551
713 2863 822 2909 omnes
843 2845 942 2929 fugit,
976 2846 1095 2930 etipse
1117 2848 1247 2914 conieci.
1270 2887 1312 2898 —-

168 3001 175 3018 .
199 3000 208 3020 .
230 3001 238 3018 .
262 3001 269 3017 .
293 2951 308 3014 ὃ
331 2947 483 3037 ποταμοὺς
500 2947 604 3037 τορὸς
633 2951 649 3012 ὁ
672 2948 822 3036 Πίνδαρος
854 2946 904 3013 καλ
927 2951 943 3012 l
966 2948 1117 3038 Αἰσχύλος
1140 2955 1236 3041 φησί
1259 2956 1311 3036 (Μ.

166 3078 227 3126 sec
250 3057 398 3143 Weckl.);
433 3061 494 3146 leg.
517 3057 611 3143 φασί,
645 3059 730 3143 quod
759 3057 854 3122 Dind.
885 3057 1065 3126 et.Kirohh
1097 3065 1248 3147 tanquam
1270 3082 1312 3130 ex

166 3167 276 3234 codice
299 3167 473 3234 ediderunt
740 3235 742 3242 ,

253 3275 305 3339 49
319 3277 347 3339 l.
391 3269 690 3351 κατεσκελετεύοντο,
729 3269 951 3355 κατεφθίνοντο.
1012 3272 1051 3337 In
1086 3274 1244 3341 Thesauro
1276 3275 1312 3342 G.

136 3360 138 3366 Ι
167 3377 353 3448 Dindorfius
375 3381 471 3447 verbo
493 3379 686 3465 καταφθίνειν
710 3397 774 3442 non
806 3377 901 3443 aliam
928 3379 1026 3444 fuisse
1048 3381 1313 3466 significationem

168 3488 231 3556 nisi
254 3489 488 3555 intransitivum
510 3489 653 3571 tradidit,
687 3507 759 3552 cum
789 3505 827 3572 eo
849 3487 935 3571 loco,
966 3487 1022 3571 qui
1044 3507 1127 3554 unus
1149 3494 1313 3576 praecepto

169 3600 238 3664 eius
261 3598 378 3682 oberat,
399 3597 551 3663 Theocrit
571 3596 669 3660 XXV
682 3596 744 3659 122
769 3591 825 3656 αἵτ’
845 3591 918 3679 ἔργα
940 3594 1160 3678 καταφθίνοοοι
1181 3598 1313 3683 νομήων,

169 3701 366 3772 Meinekium
387 3711 515 3771 secutus
536 3704 704 3769 meliorum
721 3703 866 3769 codicum
889 3703 1076 3788 scripturam
1096 3705 1316 3790 καταφθίνοοσι

66 3850 68 3854 ’
169 3813 350 3894 (deteriores
371 3812 618 3899 καταφθείροοοι)
642 3813 676 3875 in
695 3808 954 3895 καταφθινύθοοσι
969 3817 1112 3906 mutaret
1148 3812 1211 3878 Sed
1226 3814 1314 3879 seho-

169 3921 250 3986 hum
271 3926 415 3988 nostrum
437 3928 469 3988 et
493 3943 566 3988 eum
589 3926 621 3986 et
642 3927 678 3985 ut
699 3920 825 3984 uidetur
847 3939 965 4004 omnes,
988 3921 1043 4005 qui
1066 3921 1315 3988 sollicitaverunt

167 4048 296 4095 versum
315 4031 550 4116 Theocriteum,
571 4029 662 4114 fugit
706 4027 787 4091 Mihi
811 4047 885 4092 vero
906 4029 962 4094 illo
984 4030 1099 4094 nitenti
1121 4031 1315 4115 probabilius

167 4139 293 4206 videtur
315 4145 452 4204 statuere
480 4137 681 4204 Dindorfium
712 4137 865 4202 erravisse
895 4142 927 4202 et
948 4141 1117 4222 utrumque
1139 4139 1244 4204 locum
1266 4141 1314 4203 in-

168 4253 285 4314 tectum
316 4248 509 4332 relinquere,
540 4267 636 4331 quem
666 4249 697 4311 et
725 4245 881 4310 Theocriti
904 4265 1031 4311 versum
1060 4251 1181 4313 tenure
1202 4252 1235 4312 et
1255 4248 1315 4332 hic,

166 4355 206 4422 de
229 4377 292 4444 quc
315 4357 471 4442 scriptura
484 4355 664 4440 facile-quis
679 4354 818 4440 cogitare
840 4355 946 4438 possit,
967 4353 1145 4439 cordebisos
1170 4355 1315 4422 scribere.

1031 4461 1050 4530 3
