3064 4924
785 333 827 400 20

239 505 436 574 seboliustum
458 502 597 592 ἄμοιρος,
628 503 757 592 ἄκληρος
779 510 895 596 legisse
916 514 1005 594 puto,
1033 508 1186 574 scholium
1208 513 1313 575 autem
1335 507 1375 574 ad

239 637 300 682 vss.
316 615 488 681 351-354
508 616 707 684 referendum
730 636 806 684 esse.
850 617 932 682 Nam
953 619 981 682 si
1002 617 1058 683 ille
1079 623 1143 683 tam
1165 619 1279 684 stultus
1301 622 1377 702 erat

239 730 276 790 ut
295 724 470 788 παλλεύκων
494 723 527 788 δὲ
550 724 669 788 πέπλων
694 723 838 811 (ἄμοιρος)
861 723 990 810 ἄκληρος
1005 724 1134 812 ἐτύχθην
1157 727 1374 812 interpretare·

238 839 291 900 tur
311 855 368 921 per
389 833 523 917 οὐδαμοῦ
546 833 620 898 ὅπου
642 834 797 922 ἀμπεχόνη
828 831 948 920 καθαρὰ
970 833 1106 920 πάρειμι,
1129 837 1229 901 multo
1250 837 1375 900 facilius

239 963 280 1009 ex
303 945 407 1011 verbis
430 942 501 1006 οὐδέ
521 967 564 1015 τις
586 941 648 1006 ἐστὶ
671 946 751 1009 σονδ.
776 967 857 1028 μετ,
890 946 918 1009 si
948 946 1077 1029 quidem
1106 964 1283 1012 sermonem
1305 965 1374 1038 esse

237 1054 278 1119 de
299 1055 411 1140 opulis,
431 1074 511 1139 quas
530 1055 617 1139 ipsae
638 1054 751 1118 lltrriae
776 1054 954 1137 instituunt
973 1073 1039 1118 non
1060 1053 1273 1139 intellegebat,
1293 1055 1375 1120 hanc

236 1165 423 1230 sententiam
445 1165 558 1230 elicere
579 1167 714 1248 poterat:
748 1182 859 1228 »nemo
888 1163 928 1228 ad
958 1162 1065 1247 epulas
1092 1182 1166 1227 suas
1187 1182 1239 1227 me
1261 1163 1374 1227 admit-

235 1273 291 1337 tit<
316 1273 368 1338 vel
392 1273 531 1337 »nullius
553 1273 655 1357 epulis
680 1273 871 1354 intersum«,
900 1276 933 1336 et
963 1271 1112 1336 adnotare
1141 1269 1276 1354 οὐδαμοῦ
1298 1271 1372 1335 ὅπου

235 1379 323 1465 ἑορτὴ
348 1383 400 1463 (,--·
421 1377 498 1462 δαὶς)
520 1377 650 1463 πάρειμι.
696 1378 780 1444 Eum
798 1384 903 1445 autem
925 1379 1031 1444 verbis
1053 1378 1118 1450 δαίς
1140 1385 1172 1444 et
1192 1379 1280 1464 ἑορτὴ
1304 1386 1372 1445 tun-

235 1510 330 1573 quam
351 1491 537 1572 synonymis
559 1508 652 1554 usum
674 1507 743 1553 esse
763 1507 857 1552 nemo
879 1487 1012 1553 offensui
1033 1490 1107 1572 erit,
1130 1490 1185 1573 qui
1206 1491 1375 1555 contulerit

234 1597 337 1662 Prom.
361 1599 440 1682 546,
479 1599 535 1663 ubi
573 1596 658 1680 θοίνη
690 1599 743 1678 (=
766 1594 842 1674 δαὶς)
873 1617 929 1682 per
958 1596 1046 1682 ἑορτή
1077 1597 1219 1662 redditur
1247 1604 1279 1664 et
1307 1600 1371 1666 sch.

234 1705 368 1791 Oboeph.
391 1708 473 1790 481,
502 1708 557 1773 ubi
579 1728 647 1793 pro,
661 1704 779 1789 θυσίαι,
811 1705 895 1790 quod
923 1706 965 1770 ad
986 1704 1082 1774 δαῖτες
1104 1707 1247 1790 respicit,
1276 1708 1372 1772 etiam

234 1812 333 1898 ἑορταί
352 1815 430 1900 poni
451 1818 589 1900 potuisse
618 1820 704 1901 patet
725 1815 851 1880 exech.
872 1812 975 1877 Prom.
998 1813 1060 1876 546
1083 1811 1219 1896 θυσίαις,
1247 1813 1371 1898 ἑορταῖς.

233 1922 379 2007 Accedit,
411 1923 496 2007 quod
516 1924 665 1988 librarius
685 1923 753 2006 ipse
776 1925 808 2000 ζτ
828 1921 869 1985 ad
891 1940 935 1985 vs.
958 1921 1019 1984 351
1043 1921 1203 1986 ascribens
1224 1923 1372 2008 ignorare

233 2049 276 2112 se,
299 2049 362 2115 quo
384 2032 553 2116 pertineret
572 2031 736 2113 scholium,
757 2030 915 2114 professus
936 2048 1005 2093 esse
1027 2029 1158 2094 videtur.
1181 2068 1220 2077 —
1244 2030 1369 2096 Scholio

231 2141 332 2225 igitur
351 2139 387 2203 in
409 2139 604 2205 emendando
632 2140 701 2203 loco
730 2158 787 2203 noe
816 2157 880 2202 nen
902 2156 970 2203 esse
992 2138 1156 2203 obstrictos
1178 2138 1369 2204 demonstra·

233 2249 317 2313 visse
338 2248 418 2312 mibi
439 2249 557 2313 videor.
593 2247 713 2311 Elorum
734 2251 848 2328 autem,
870 2246 927 2329 qui
948 2245 1034 2310 idem
1054 2245 1283 2330 iudicaverunt,
1305 2267 1368 2312 non

233 2357 402 2440 sequemur
431 2355 467 2420 0.
489 2356 678 2420 Muellerum
707 2353 904 2436 (ἀπόμοιρος)
935 2371 1039 2437 neque
1068 2353 1367 2421 Rauchensteinium

233 2463 446 2550 (πανάμοιρος),
468 2485 542 2530 nam
556 2470 640 2529 recte
652 2463 788 2529 Weilius
810 2465 932 2546 poetam
952 2463 986 2526 in
1008 2462 1123 2528 talibus
1145 2464 1265 2529 eisdem
1287 2483 1367 2530 sem·

231 2589 288 2658 per
308 2573 457 2658 praefixis
479 2576 526 2638 uti
548 2573 632 2638 dicit
644 2609 686 2620 -
701 2571 764 2636 Pro
777 2576 861 2643 certo
878 2571 965 2635 locus
987 2590 1149 2664 nunqnam
1170 2575 1365 2639 restituebm:

230 2686 263 2745 at
283 2699 347 2746 non
367 2682 617 2768 improbabiliter
633 2679 815 2745 Dindorfius
837 2679 961 2763 scripsit
981 2676 1085 2764 <ἅμ’>
1106 2677 1240 2766 ἄμοιρος;
1264 2683 1365 2768 magis

229 2793 336 2857 tamen
356 2791 437 2855 milri
460 2793 576 2876 placet:

361 2897 536 2964 παλλεύκων
560 2894 593 2960 δὲ
614 2895 734 2960 πέπλων
756 2892 886 2980 ἄμορος
907 2891 1008 2961 <aab
1030 2893 1160 2982 ἄκληρος
1181 2896 1319 2986 ἐτύχθην.

230 3009 293 3076 Καί
314 3015 384 3096 post
404 3006 516 3094 ἄμορος
536 3009 571 3072 in
593 3003 714 3090 ἄμοιρος
737 3009 917 3090 corruptum
948 3009 984 3070 ut
1013 3023 1144 3070 numero
1175 3007 1299 3074 obstans
1318 3009 1362 3072 fa·

230 3121 290 3186 cile
312 3120 415 3186 emitti
437 3119 575 3204 petuisse
597 3119 688 3202 patet

315 3227 478 3294 Eumen
502 3227 588 3291 524.

401 3333 542 3420 ξυμφέρει
564 3331 727 3416 σωφρονεῖν
750 3326 806 3392 ύπὸ
829 3329 931 3392 στένει.

228 3443 334 3516 Στένος
363 3464 419 3530 per
449 3443 625 3530 ›gemitus‹
657 3444 778 3504 vertere
806 3439 923 3518 solent3
955 3439 1011 3503 sed
1040 3439 1249 3524 desideratm,
1281 3442 1367 3526 quod

230 3555 325 3622 etiam
347 3553 514 3619 scholiasta
535 3549 670 3615 sensisse
693 3548 818 3612 videtur
840 3543 920 3627 (ώςελ
942 3544 1041 3629 ἔλεγεν
1065 3545 1120 3612 ὑπὸ
1143 3554 1184 3633 τῷ
1208 3548 1289 3630 δέει),
1313 3571 1365 3632 sy·

228 3677 403 3744 nonymum
435 3659 522 3724 vocis
554 3675 635 3741 quae
665 3660 713 3720 est
744 3655 874 3718 »timor«
909 3651 951 3734 (τὸ
975 3655 1067 3719 δεινόν
1092 3658 1174 3738 529).
1227 3657 1365 3724 Proinde

229 3769 328 3841 στένος
350 3789 369 3835 a
391 3767 499 3832 στένειν
523 3767 582 3846 (ε
606 3783 688 3849 enge
710 3764 796 3844 sein)
827 3763 936 3828 deriva
964 3769 996 3829 et
1024 3767 1191 3831 vernaculo
1220 3785 1363 3831 sermone

227 3881 431 3965 interpretare
453 3894 509 3961 per
532 3874 693 3959 »ringet«,
722 3872 806 3957 quod
828 3873 960 3937 verbum
990 3878 1021 3938 et
1040 3873 1145 3958 ipsum
1165 3894 1238 3939 curn
1262 3895 1364 3961 »enge

228 3990 316 4055 sein«
341 3986 493 4051 cohaeret
518 4019 559 4030 -
583 3980 646 4058 Qui
667 4000 722 4066 per
746 3980 993 4067 »Bedringniss
1021 3980 1103 4047 Not«
1127 4002 1238 4048 vocem
1259 3983 1363 4048 reddi·

229 4097 352 4178 derunt,
373 4092 422 4158 illi
445 4089 573 4176 quidem
596 4089 709 4174 stipsi
729 4090 769 4154 ad
791 4108 878 4173 eam,
907 4090 947 4154 ad
970 4108 1064 4174 quam
1086 4110 1163 4176 ego,
1184 4092 1274 4157 verbi
1295 4091 1363 4155 στέ-

227 4225 286 4270 νειν
308 4199 572 4290 significationem
593 4198 737 4263 retrrlisse
760 4198 921 4282 videntur,
948 4199 1005 4264 sed
1027 4217 1105 4284 opus
1127 4218 1195 4265 esse
1216 4207 1253 4267 ut
1272 4201 1363 4268 affee-

228 4317 279 4382 tns
302 4309 417 4396 aliquis
439 4307 538 4372 animi
559 4304 798 4391 significaretur,
820 4305 909 4370 obliti
930 4311 1011 4371 sunt
