3064 4924
759 326 760 329 ’
787 315 806 380 9

225 490 348 554 homini
375 491 416 553 ad
445 491 527 553 hanc
548 509 616 554 rem
647 491 761 554 studiis
792 493 859 556 suis
887 493 921 554 in
951 492 1079 557 scholiis
1107 479 1286 557 Homericis
1307 492 1368 556 im·

225 599 332 682 pensis
348 599 441 663 unice
456 602 536 682 apto.
580 598 729 662 Attamen
752 600 897 663 nonnihil
918 606 955 664 ut
976 620 1036 686 ego
1060 620 1186 685 quoque
1209 601 1368 666 conferam

226 705 266 769 ad
288 707 370 769 hanc
393 707 609 789 quaestionem
633 707 876 792 expediendam,
898 709 999 792 primo
1022 709 1179 774 secundae
1200 710 1297 794 partis
1319 728 1371 773 ca·

225 815 289 899 pite
312 834 350 878 ea
370 813 490 879 scholia
511 834 711 898 componam,
743 836 824 900 quae
846 818 939 880 certis
960 817 1089 881 indiciis
1111 817 1258 882 concludi
1279 835 1369 901 posse

225 921 352 985 videtur
373 922 469 986 unius
492 922 698 1006 eiusdemque
721 925 857 987 auctoris
873 923 924 988 vel
939 929 1022 988 certe
1044 925 1141 989 unius
1164 923 1370 1008 eiusdemque

226 1028 350 1093 scholae
371 1047 448 1092 esse.
492 1028 649 1112 Restabit,
681 1035 717 1093 ut
738 1031 857 1095 scholia
885 1051 904 1095 a
926 1050 977 1096 me
1007 1032 1111 1096 eidem
1139 1035 1262 1096 tautum
1291 1049 1369 1095 aevo

227 1137 361 1221 ascripta
382 1141 489 1200 utrum
510 1137 731 1201 Alexandrino
754 1138 983 1220 anByzantino
1003 1139 1172 1204 tribuenda
1192 1140 1264 1221 sint,
1286 1139 1370 1203 diiu-

227 1244 357 1309 dicetur.
401 1244 524 1309 Seclusi
546 1250 651 1310 autem
689 1247 724 1308 in
747 1246 806 1311 hac
827 1247 1031 1332 indagatione
1062 1267 1100 1311 ea
1122 1248 1258 1330 scholia,
1288 1267 1370 1330 quae

181 1377 185 1383 ·
227 1354 261 1415 in
283 1352 330 1416 Μ0
352 1353 532 1418 recentibus
554 1353 701 1418 manibus
724 1355 831 1419 addita
853 1356 937 1440 apud
954 1355 1188 1420 Weckleinium
1209 1376 1283 1420 cum
1304 1356 1370 1440 sig-

226 1462 407 1526 nificatione
429 1465 473 1534 m1
495 1466 628 1526 exstant.
661 1461 786 1527 Deinde
802 1464 886 1547 quod
908 1465 949 1527 ad
971 1464 1147 1548 deperditas
1169 1465 1204 1526 in
1222 1463 1370 1548 M⁰Aga

226 1570 405 1632 memnonis
434 1574 537 1652 pa1tes
568 1569 695 1652 attinet,
725 1572 880 1634 rationem
909 1571 1006 1634 habui
1039 1571 1156 1634 codicis
1187 1569 1370 1654 Florentini,

226 1676 368 1740 Triclinii
398 1674 527 1760 σχολίων
557 1677 710 1754 παλαιῶν,
744 1677 811 1740 cod.
834 1676 988 1742 Marciani
1011 1678 1080 1758 (nec
1102 1697 1193 1761 vere,
1225 1678 1309 1762 quod
1331 1679 1371 1742 ad

227 1802 295 1847 rem
316 1784 506 1868 propositam
527 1784 617 1866 facit,
640 1803 682 1848 ex
704 1785 831 1848 scholiis
854 1786 923 1848 eius
944 1785 1082 1849 fructum
1104 1787 1251 1870 percepi),
1281 1787 1371 1850 scho-

129 1927 132 1933 ·
226 1892 343 1955 liorum
364 1891 628 1956 Victorianorum.

314 1999 351 2062 In
374 1999 438 2063 fine
462 2004 566 2063 autem
590 1999 733 2082 opusculi
763 2001 891 2084 singula
921 2003 1040 2066 scholia
1068 2004 1227 2087 corrigere
1248 2008 1280 2067 et
1301 2003 1372 2067 aliis

227 2126 317 2170 suam
338 2106 446 2170 sedem
468 2107 633 2170 restituere
656 2106 799 2170 conabor.
844 2105 1058 2192 Supericrum,
1081 2111 1137 2193 qui
1154 2110 1188 2172 in
1202 2111 1253 2173 his
1276 2110 1371 2174 rebus

228 2233 354 2298 operam
376 2219 585 2296 navaverunt,
617 2211 817 2277 Dindorfium
847 2234 912 2278 non
945 2216 1047 2280 solum
1069 2237 1181 2300 parum
1202 2217 1373 2300 dihgenter

227 2321 345 2385 scholia
367 2340 408 2385 ex
431 2321 539 2385 codice
563 2320 716 2402 edidisse,
745 2321 919 2384 sedetiam
948 2322 1049 2386 muita
1075 2322 1242 2407 reliquisse
1265 2342 1371 2387 emen-

227 2429 347 2512 danda,
377 2430 442 2493 iam
471 2429 592 2493 dudum
623 2429 770 2492 omnibus
797 2435 1002 2513 perspectum.
1054 2412 1153 2494 Paulo
1177 2431 1372 2495 emendatior

227 2543 333 2602 textus
356 2539 546 2602 scholiorum
576 2541 694 2620 prostat
724 2537 806 2621 apud
829 2536 1074 2601 Kirchhoffium:
1112 2539 1153 2602 ad
1185 2539 1262 2602 alias
1285 2539 1372 2602 enim
1434 2615 1440 2632 ι

226 2664 277 2709 res
307 2645 488 2709 efficiendas
525 2663 599 2708 eum
631 2644 804 2708 editionem
834 2665 925 2709 suam
954 2647 1113 2729 paravisse
1152 2647 1372 2729 unusquisque

228 2754 296 2836 scit,
320 2755 375 2836 qui
397 2754 447 2816 his
469 2753 583 2817 studiis
607 2752 733 2816 deditus
755 2758 810 2816 est.
847 2753 982 2836 Propius
1005 2753 1045 2816 ad
1066 2754 1261 2836 genuitatem
1284 2752 1373 2816 scho-

226 2860 271 2925 lia
292 2861 421 2925 reducta
452 2866 527 2926 sunt
548 2882 567 2924 a
588 2860 803 2943 Weckleinio,
832 2862 888 2944 qui
915 2866 946 2924 et
976 2881 1056 2944 quae
1079 2861 1134 2924 alii
1155 2863 1374 2945 praestiterant

210 2959 329 3053 'magis
351 2969 496 3032 adhibuit
517 2971 637 3053 etipse
667 2969 702 3030 in
724 2968 944 3033 emendatione
973 2971 1126 3033 maiorem
1149 2989 1275 3054 operam
1298 2989 1372 3033 con-

226 3077 368 3160 sumpsit.
411 3077 530 3141 Tamen
559 3076 668 3140 multis
698 3076 776 3139 locis
805 3077 884 3139 mihi
914 3077 953 3140 ab
983 3078 1038 3141 illo
1070 3077 1282 3142 recedendum
1303 3078 1373 3160 fuit,

226 3204 300 3249 nam
323 3185 401 3249 alios
425 3187 628 3269 (quamquam
650 3184 763 3248 horum
785 3186 978 3249 mentionem
1009 3205 1072 3249 non
1094 3186 1219 3266 faciam)
1244 3187 1372 3249 omnino

227 3293 431 3378 corrigendos
461 3313 526 3356 non
559 3312 645 3375 esse,
676 3292 754 3355 alies
786 3292 878 3355 aliter
908 3299 1003 3375 atque
1024 3293 1142 3356 factum
1171 3298 1219 3356 est
1249 3311 1372 3376 censae,

226 3400 362 3483 ahquct,
393 3400 509 3484 quibus
538 3419 632 3464 nemo
662 3404 754 3463 antea
786 3399 922 3464 offensus
951 3406 1029 3480 erat,
1061 3419 1187 3464 sanasse
1216 3400 1296 3463 mihi
1326 3402 1373 3464 vi-

228 3508 312 3571 deor.
357 3506 450 3583 Quod
472 3513 577 3571 autem
600 3509 735 3592 pertinet
756 3508 796 3571 ad
818 3513 951 3573 stemma
973 3509 1126 3590 codicum,
1148 3507 1373 3574 Dindorlianae

227 3616 416 3698 sententiae,
448 3635 530 3700 quae
553 3621 585 3680 et
605 3616 707 3700 ipsius
729 3615 922 3679 Weckleinii
945 3621 1006 3700 est,
1040 3616 1165 3680 deditus
1188 3618 1374 3700 opusculum

227 3713 405 3807 composui,
436 3724 521 3807 quod
543 3743 617 3787 cum
639 3722 857 3806 confecissem,
879 3725 975 3788 simul
997 3744 1039 3789 ex
1060 3724 1198 3789 Hercule
1220 3725 1374 3789 Wilamo·

227 3829 325 3892 witzii
348 3829 374 3908 (I
394 3851 422 3914 p.
436 3831 501 3894 204
517 3836 548 3896 et
562 3831 632 3894 adn.
657 3829 730 3910 167)
755 3833 786 3893 et
807 3829 846 3892 ab
869 3831 937 3914 ipso
960 3851 994 3895 se
1016 3831 1189 3895 sententiae
1211 3830 1298 3895 illius
1320 3831 1375 3895 ad·

227 3939 402 4003 versarium
425 3958 493 4003 esse
516 3939 659 4024 cognovi.
712 3937 827 4022 Pugna
848 3939 888 4003 de
910 3941 970 4004 hac
991 3945 1096 4004 vetere
1120 3941 1303 4023 quaestione
1325 3958 1374 4004 re-

227 4045 405 4130 dintegrata
427 4064 522 4129 quem
544 4047 667 4110 exitum
689 4043 835 4107 habitura
865 4047 906 4109 sit
934 4046 1197 4130 exspectandum:
1228 4047 1263 4109 in
1284 4064 1373 4129 prae·

226 4154 329 4217 sentia
351 4155 427 4218 satis
448 4154 554 4237 habui,
577 4156 611 4218 in
626 4154 730 4217 Prom.
745 4151 831 4215 Pers.
846 4150 928 4238 Sept
951 4173 1031 4218 rece.
1054 4153 1200 4218 codicum
1220 4154 1373 4219 lectiones

227 4281 324 4348 quam
347 4262 590 4346 diligentissime
613 4262 700 4326 adire
721 4260 826 4342 iisque
848 4261 1004 4344 tribuere,
1027 4262 1054 4325 si
1077 4280 1158 4345 quae
1181 4261 1301 4344 etipse
1322 4260 1373 4323 in·

229 4388 387 4437 veneram.
