3064 4924
336 1559 469 1626 Duabus
491 1562 632 1646 partibus
655 1582 701 1645 ca,
724 1583 805 1646 quae
828 1563 942 1627 studiis
965 1563 1045 1627 meis
1054 1563 1241 1645 Aeschyleis
1254 1564 1394 1629 effecisse

249 1670 330 1732 mihi
351 1670 470 1753 videor,
491 1670 723 1754 hactabuntur,
752 1671 838 1755 quod
858 1677 1028 1755 antequam
1049 1672 1227 1756 aggrediar,
1249 1673 1289 1737 de
1311 1678 1396 1738 utra

250 1793 312 1857 que
334 1775 487 1838 nonnulla
508 1776 740 1858 praemonenda
760 1774 871 1841 habeo.

336 1881 386 1946 Ac
416 1885 519 1966 priore
549 1884 678 1967 quidem
711 1884 752 1946 ad
778 1882 875 1947 verba
907 1887 1016 1966 politae
1045 1884 1227 1968 respicienti
1256 1889 1394 1950 1111111111

248 1988 422 2053 lectionum
443 2010 599 2054 novarum
628 2010 800 2075 apponam,
822 1992 1041 2056 intermiscens
1068 1992 1190 2074 aliquot
1209 1991 1308 2075 locos,
1339 1993 1396 2057 ubi

251 2095 410 2177 Aeschylo
441 2097 592 2180 aliorum,
633 2098 704 2161 aliis
736 2098 887 2179 Aeschyli
920 2118 1030 2163 versus
1062 2098 1219 2163 obversati
1249 2100 1397 2165 videmur

251 2222 336 2286 esse,
369 2223 428 2268 nec
457 2224 521 2268 non
554 2224 603 2288 ea,
633 2224 714 2289 quae
736 2206 777 2268 ad
805 2225 898 2270 usum
929 2206 1057 2271 dicendi
1086 2211 1195 2290 poetae
1217 2209 1395 2274 accuratius

249 2313 471 2377 illustrandum
494 2313 617 2398 collegi,
637 2314 690 2377 hic
712 2319 744 2378 11
765 2314 832 2377 illic
854 2313 1003 2394 afferens3
1030 2315 1065 2378 in
1086 2313 1151 2379 fine
1172 2320 1278 2379 autem
1299 2317 1396 2381 huius

249 2422 346 2504 partis
369 2422 446 2505 quid
467 2422 671 2486 iudicandum
705 2422 747 2486 sit
770 2421 809 2485 de
840 2427 1011 2506 augmento
1033 2422 1073 2486 ab
1095 2423 1254 2504 Aeschylo
1278 2425 1393 2489 omisso

250 2562 293 2572 —
315 2549 379 2613 qua
401 2529 440 2594 de
462 2548 497 2594 re
518 2548 611 2594 nemo
634 2530 738 2594 adhuc
769 2529 873 2614 egisse
903 2530 1028 2595 videtur
1048 2566 1091 2576 —
1113 2530 1203 2594 brevi
1226 2536 1394 2616 conspectu

249 2637 462 2702 demonstrare
484 2637 629 2702 conabor.

335 2747 448 2811 Altera
475 2747 703 2811 dissertationis
732 2765 804 2830 pars
832 2746 867 2808 in
901 2745 1044 2828 scholiis,
1083 2745 1236 2811 Mediceis
1266 2748 1395 2831 scilicet,

249 2854 420 2919 tractandis
441 2854 626 2919 versabitur
671 2853 769 2918 Cuius
792 2855 896 2938 priore
925 2855 1026 2936 capite
1058 2854 1143 2937 quod
1165 2859 1321 2938 praestare
1343 2875 1395 2920 co·

249 2968 342 3027 natus
364 2983 444 3046 sum,
467 2968 502 3028 ut
523 2982 668 3046 conarer,
699 2968 808 3027 auctor
827 2963 889 3027 fuit
909 2961 1057 3026 Roemeri
1079 2963 1249 3046 disputatio
1271 2964 1394 3049 sagaci·

248 3072 322 3136 tatis
344 3071 446 3155 plena,
467 3071 502 3134 in
525 3072 602 3135 actis
623 3072 781 3135 societatis
803 3071 961 3135 literariae
983 3069 1183 3135 Monacensis
1205 3069 1396 3135 1111111888ἰ

249 3176 442 3262 1111111111).
478 3176 566 3253 Quae
587 3198 637 3243 res
660 3179 827 3261 primariae
844 3179 947 3261 priore
967 3179 1036 3242 eius
1057 3183 1144 3262 parte
1166 3180 1396 3261 contineantur,

172 3273 174 3278 ’
249 3302 313 3346 non
337 3283 477 3346 alienum
503 3288 550 3347 est
572 3302 735 3366 enarrare,
767 3302 840 3346 cum
862 3283 1016 3346 nonnulla
1048 3283 1087 3346 de
1109 3302 1180 3346 meo
1202 3283 1318 3347 addere
1341 3301 1395 3347 ve·

248 3392 314 3454 lim.
358 3390 408 3454 Ao
429 3390 568 3474 primum
591 3392 629 3475 (p.
653 3391 836 3470 201-205)
866 3389 1040 3454 Roemerus
1071 3391 1207 3475 vestigia
1229 3391 1395 3476 vocalium,

250 3516 331 3581 quae
353 3496 387 3558 ἐκ
408 3497 540 3580 πλήρους
562 3498 597 3561 in
620 3499 788 3582 archetypo
811 3498 944 3582 scriptae
965 3498 1116 3581 fuissent,
1137 3498 1308 3583 diligenter
1329 3499 1393 3563 col·

248 3606 343 3690 legit,
377 3605 477 3669 nihilo
499 3606 606 3670 minus
627 3606 779 3691 fugerunt
810 3624 884 3670 eum
915 3625 1025 3671 versus
1055 3607 1184 3671 scholiis
1205 3609 1322 3672 servati
1343 3609 1394 3672 hi:

250 3711 291 3796 μὴ
316 3712 417 3796 σπεῖρε
438 3711 546 3777 τέκνων
571 3710 683 3794 ἄλοκα,
717 3709 781 3776 ἐπεὶ
803 3714 898 3776 κτενεῖ
928 3715 1000 3776 1εὸ
1024 3711 1081 3800 φύς
1104 3715 1178 3789 (sch.
1201 3713 1242 3780 Se
1266 3717 1340 3797 731)
1364 3723 1396 3782 et

252 3821 350 3898 δοῦλε,
374 3821 525 3884 δεσποτῶν
557 3819 648 3884 ἄκουε
668 3818 719 3884 καὶ
749 3820 850 3883 δίκαια
870 3817 921 3883 καὶ
944 3819 1034 3884 ἄδικα
1057 3823 1130 3901 (sch.
1154 3821 1200 3886 Oh
1224 3823 1290 3903 77),
1322 3841 1395 3888 nam

249 3934 354 4014 aperte
376 3929 525 3994 librarius
545 3931 596 3995 his
617 3932 696 3995 locis
719 3935 862 3994 accurate
886 3931 1037 4014 exaravit,
1061 3948 1142 4014 quae
1164 3930 1199 3992 in
1221 3930 1396 4015 exemplari

250 4055 308 4101 suo
330 4039 504 4101 invenerat.
556 4036 680 4103 Deinde
705 4039 744 4122 (p.
768 4037 951 4118 aco-214)
982 4038 1060 4121 quid
1089 4037 1296 4102 iudicandum
1326 4057 1396 4103 esse

324 4273 350 4341 1)
371 4272 447 4327 Tom.
468 4272 504 4339 ΙΙ,
523 4288 550 4341 p.
570 4276 727 4341 201-254,
751 4274 801 4329 sub
830 4271 912 4327 titulo
933 4273 1063 4342 „Studien
1082 4291 1117 4328 zu
1135 4273 1184 4329 der
1202 4275 1395 4333 handschriftl.

253 4363 479 4433 Ueberliclerung
499 4363 546 4420 des
564 4367 715 4437 Aeschylus
735 4365 790 4420 und
807 4381 841 4420 au
860 4363 912 4418 den
931 4365 1007 4420 alten
1025 4366 1179 4428 Erkltrsrn
1198 4366 1367 4423 desselben.“
