3064 4924
710 333 751 409 16

157 501 277 579 sehon
301 496 332 576 111
354 514 464 597 γραῖαι.
510 514 630 600 Operae
652 516 788 599 pretium
810 515 912 597 faciet,
934 517 962 580 si
986 515 1066 599 quis,
1088 511 1140 578 cui
1163 509 1303 580 codicem

154 621 312 706 inspicere
334 622 422 707 ticet,
452 624 594 688 animum
616 624 775 706 advertet,
806 641 884 687 num
907 623 937 684 αἱ
959 622 1077 706 γραῖαι,
1100 621 1186 706 quod
1206 623 1303 688 inter-

155 733 387 813 pretamentum
409 730 558 795 adiectivi
582 729 703 812 δηνοιοί
726 751 794 796 esse
817 749 925 796 omnes
948 731 1148 814 existimant,
1170 748 1204 796 re
1228 749 1303 800 vera

156 855 252 921 super
281 837 363 901 hauc
394 856 503 902 vocem
533 838 684 922 scriptum
714 839 785 903 sit'
813 839 899 924 Ego,
930 838 1014 923 quod
1037 837 1127 921 γραῖα
1148 839 1303 904 adiective

159 943 298 1026 dictum,
320 945 348 1009 si
370 944 449 1009 fides
469 945 644 1028 Thesauro,
667 964 730 1010 non
754 947 824 1030 plus
846 946 948 1011 tribus
969 947 1047 1011 locis
1069 947 1174 1030 iisque
1196 951 1302 1031 poeta-

157 1070 229 1114 rum
253 1049 389 1130 (1110001.
412 1051 459 1115 VI
482 1053 619 1136 401111
643 1054 724 1135 126,
752 1053 848 1118 Anth.
872 1053 1104 1133 1311171231)
1134 1055 1305 1138 invenitur,

156 1157 285 1222 interim
306 1159 379 1242 lego
410 1159 441 1220 αἱ
464 1157 581 1242 Γραῖαι.
636 1160 775 1240 (Hesiod.
798 1162 840 1224 th.
864 1161 926 1224 270
961 1159 1076 1242 Φόρκυι
1108 1158 1175 1221 δὀὔ
1208 1157 1303 1243 Κητὼ

158 1263 270 1348 Γραίας
292 1263 379 1345 τέκε).
424 1265 472 1330 De
489 1265 599 1331 Grecis
621 1285 799 1331 sermonem
821 1285 890 1332 esse
913 1268 1008 1342 etiarn
1030 1271 1174 1331 auctores
1196 1267 1302 1331 0011011
1321 1249 1327 1260 ’

157 1372 189 1435 A
211 1375 244 1436 et
264 1370 292 1435 B
314 1372 548 1456 intellexerunt,
571 1373 627 1436 sed
649 1374 848 1457 singularum
871 1374 1000 1437 nomina
1021 1373 1200 1437 attulerunt

245 1481 322 1543 872
347 1483 383 1543 et
404 1471 490 1544 873.
535 1479 752 1544 Weckleinius
774 1500 830 1564 pro
854 1479 975 1564 φθόνων
1000 1477 1033 1542 δὲ
1056 1477 1204 1563 σωμάτων
1228 1497 1302 1545 con-

158 1587 234 1652 iecit
255 1586 376 1672 φθόνον
401 1588 427 1649 t.
451 1611 477 1649 σ.
501 1587 703 1654 scribendum
718 1594 750 1653 ot
763 1589 813 1652 his
829 1595 864 1653 ut
876 1589 1018 1654 lemmati
1041 1588 1302 1673 subiungendum

162 1712 231 1758 csse
252 1699 305 1777 τῆς
326 1690 428 1766 νοκτὸς
452 1696 555 1779 (872),
586 1701 755 1780 utrumque
783 1697 823 1760 ad
853 1715 896 1761 vs.
920 1697 1152 1761 88510101000.
1197 1695 1299 1759 Immo

23 1873 25 1880 ¹
162 1798 272 1883 φθόνον
296 1799 329 1863 δὲ
352 1799 500 1885 σωμάτων
533 1808 568 1867 111
598 1805 715 1868 lemma
743 1802 861 1868 00110110
892 1805 955 1867 885
979 1801 1160 1874 αὐτοῖστοῖς
1183 1803 1303 1886 σώμασι

159 1909 432 1996 τιμωρηθήσονται,
456 1910 536 1973 θεῶν
559 1908 786 1994 νεμεσησάντων
810 1909 908 1981 αὐτοῖς
934 1904 1110 1995 praefixum
1125 1911 1302 1995 0101101101

158 2016 244 2080 idem
266 2018 350 2081 haud
373 2017 438 2082 scio
461 2037 501 2082 an
520 2015 648 2082 Kirohh.
663 2017 860 2101 iudicaverit,
882 2038 955 2084 cum
978 2020 1018 2082 ad
1040 2017 1161 2102 φθόνων
1186 2014 1220 2080 δὲ
1242 2041 1302 2080 σω·
1391 2101 1394 2110 ι

159 2121 259 2207 μάτων
283 2143 451 2190 numerum
473 2127 535 2190 857
569 2127 623 2210 [==
646 2125 765 2191 Weckl.
789 2125 865 2209 885]
889 2127 1027 2208 adderet)
1059 2132 1091 2192 et
1118 2131 1172 2211 τῆς
1193 2126 1297 2197 νυκτός

158 2234 198 2298 ad
219 2234 462 2318 νυκτιφρουρήτῳ
485 2231 592 2317 θράσει
614 2238 676 2300 887
708 2236 899 2300 adnotatum.
952 2235 1064 2319 Neque
1094 2236 1181 2300 enirn
1216 2236 1302 2318 quis·

159 2359 255 2425 quam
276 2347 329 2424 τῆς
351 2339 456 2413 νυκτόι
474 2343 599 2407 facilius
633 2343 673 2407 ad
695 2344 822 2408 10887
847 2364 942 2426 quam
971 2339 1011 2407 ad
1033 2361 1077 2407 vs.
1100 2343 1163 2408 885
1186 2341 1301 2408 ascribi

157 2450 295 2534 potuisse
317 2449 455 2535 negabit

667 2689 796 2758 Persae.

155 2935 159 2942 .
245 2873 330 2938 60'5.
375 2870 498 2957 οὐριεῖν·
522 2871 762 2957 οὐριοδρομεῖν.
808 2871 870 2938 Sed
891 2892 1039 2958 praesens
1061 2872 1187 2939 tolerari
1210 2889 1301 2958 posse

158 3000 221 3045 non
243 2981 385 3064 videtur,
417 2982 503 3065 quod
524 2982 708 3048 scholiastae
731 2983 842 3064 etiam,
865 2982 1201 3066 ubipoetapreesens
1223 2986 1302 3047 tem·
1410 3015 1415 3023 ·

158 3107 216 3171 pus
237 3088 419 3171 profuturo
442 3088 505 3153 sibi
527 3089 699 3171 concessit,
719 3089 862 3152 futurum
884 3088 1033 3153 adhibere
1056 3090 1164 3154 solent
1208 3088 1302 3152 Unde

159 3193 230 3279 lege
253 3192 507 3280 οὐριοδρομήσειν.
551 3195 653 3260 Causa
674 3196 908 3279 depravationis
938 3196 1117 3260 terminatio
1140 3195 1230 3260 verbi
1252 3191 1302 3256 οὐ-

161 3301 254 3386 ριεῖν
276 3303 344 3368 fuit

244 3412 331 3475 725.
377 3407 434 3473 Τὸν
451 3405 684 3494 Ἑλλήσποντον,
708 3431 789 3496 quae
812 3411 1026 3495 interpretatio
1047 3411 1170 3497 prostat
1186 3407 1303 3475 aenc-

157 3539 263 3602 οπορον
291 3520 371 3603 725,
402 3519 512 3584 referri
534 3519 643 3612 malim
665 3520 705 3585 ad
726 3511 844 3604 Ἕλλης
866 3518 1000 3603 πορθμόν
1025 3521 1103 3603 724,
1135 3519 1220 3603 quod
1242 3514 1302 3581 Βό-

158 3648 285 3709 σπορον
308 3627 373 3691 iam
395 3627 506 3691 eodem
528 3627 697 3711 vocabulo,
730 3628 784 3692 illo
814 3627 942 3712 quidem
971 3628 1012 3691 ad
1035 3647 1078 3691 vs.
1103 3626 1166 3690 708
1189 3625 1302 3708 delate,

157 3733 222 3815 sed,
244 3723 280 3797 111
293 3734 409 3800 lemma
425 3735 552 3817 evincit,
573 3735 636 3799 huc
652 3736 828 3819 pertinente
844 3734 1036 3819 explicatum
1051 3739 1106 3798 cst
1124 3769 1167 3780 -
1182 3724 1302 3816 Ἕλλης

158 3835 292 3924 πορθμόν
325 3847 394 3927 apte
427 3861 484 3927 per
515 3837 738 3925 Ἑλλήσποντον
771 3840 922 3926 explicari
954 3841 1147 3905 demonstrat
1177 3860 1205 3904 v..
1237 3839 1301 3903 878

153 3935 270 4020 Ἕλλας
292 3949 402 4035 πόρον·
425 3948 473 4013 τὸν
494 3945 726 4033 Ἑλλήσποντον.

245 4057 334 4122 781.
379 4053 765 4140 castrametatos.
811 4053 886 4141 Leg.
908 4077 975 4135 νυν,
1007 4056 1043 4120 01.
1066 4055 1129 4120 sch.
1151 4054 1214 4139 Ag.
1238 4053 1301 4118 928

158 4159 229 4226 καθ’
253 4162 417 4249 ὁμαλισμὸν
448 4163 652 4249 ἀναγνωστέον
681 4161 714 4229 τὸ
743 4187 792 4227 νον
821 4161 872 4226 καλ
902 4161 973 4227 ἄνευ
995 4164 1094 4243 τόνου,
1124 4157 1173 4225 ἵνα
1194 4151 1215 4248 ᾗ
1237 4155 1302 4224 ἀντὶ

159 4273 212 4333 τοῦ
235 4272 284 4356 δὴ.
320 4269 426 4338 Etiam
447 4273 484 4357 10,
507 4275 563 4358 qui
585 4273 625 4338 ad
646 4272 716 4338 Per.
728 4273 792 4337 415
815 4272 938 4337 addidit
959 4267 1022 4335 ἀντὶ
1044 4267 1097 4333 τοῦ
1119 4268 1168 4353 δή,
1192 4267 1302 4334 etiam·

157 4383 226 4452 tum
246 4379 283 4448 in
306 4385 397 4449 1011111
417 4382 546 4472 legebat
564 4406 624 4467 νυν,
647 4383 790 4450 nondum
810 4384 870 4448 νῦν.

1016 4485 1062 4558 φιν
