3064 4924
732 289 773 356 10

171 505 183 512 -
264 459 417 526 Necnon
439 463 657 528 Weckleinius
685 464 871 548 diligentius
899 464 1113 549 superioribus
1144 463 1319 529 editoribus

177 567 361 653 inquisivit,
392 591 469 636 num
490 573 618 656 singula
640 573 773 655 scholia,
802 574 893 637 iuxta
921 593 999 657 quos
1030 592 1140 638 versus
1170 573 1321 638 collocata

173 682 291 760 essent,
312 684 396 743 recte
419 685 524 744 essent
546 679 703 762 collocata,
722 679 758 743 iu
781 700 844 764 qua
865 699 900 745 re
922 681 950 745 si
981 680 1058 765 quid
1080 686 1242 765 peccatum
1272 682 1319 745 vi-

178 787 280 870 derat,
308 807 476 853 numerum
504 789 573 853 eius
602 807 728 871 versus,
760 807 822 872 quo
844 789 999 853 scholium
1030 791 1229 855 referendum
1252 808 1321 854 esse

176 895 314 978 putabat,
335 895 497 981 praefixit3
532 896 628 980 idque
650 901 743 979 recto,
764 916 838 961 nam
860 903 892 962 et
918 916 969 961 res
999 898 1069 982 ipsa
1097 899 1158 962 hoc
1185 899 1331 986 postulat,

178 1007 210 1068 et
240 1004 325 1087 quod
354 1006 536 1088 saepissime
567 1026 586 1068 a
614 1005 732 1070 criticis
754 1011 879 1090 propter
900 1007 1035 1088 scholia,
1068 1025 1149 1091 quae
1168 1008 1319 1072 aliorsum

175 1117 317 1196 spectare
347 1132 411 1177 non
441 1114 680 1196 intellexerant,
708 1115 805 1179 falsae
837 1115 1035 1179 coniecturae
1068 1114 1206 1198 prolatae
1236 1119 1318 1180 sunt

177 1221 213 1286 81
243 1223 320 1306 quid
353 1223 388 1285 in
415 1222 474 1286 hac
503 1242 537 1287 re
559 1222 794 1288 Weckleinium
825 1223 967 1306 aliosque
987 1223 1129 1308 fugerat,
1159 1223 1318 1308 corrigere

175 1330 354 1481 studuludem
376 1422 496 1499 autom,
519 1416 604 1500 quod
625 1435 686 1502 ego
707 1418 767 1480 hcc
789 1417 907 1501 capito,
936 1420 1092 1500 praestare
1114 1422 1244 1481 conatus
1265 1421 1320 1500 est,

177 1525 298 1609 etipse
320 1525 359 1588 ab
383 1525 521 1589 editione
542 1524 783 1588 Weckleiniana
803 1525 974 1609 profectus
996 1523 1243 1608 Papegcorgius
1265 1544 1319 1589 cu·

176 1632 228 1696 ius
251 1633 444 1716 dissertatio,
473 1637 602 1697 exstans
631 1633 666 1695 in
695 1631 904 1696 Fleckeisenii
924 1631 1025 1696 Novis
1054 1632 1170 1696 Annal.
1191 1634 1265 1718 phil.
1289 1638 1321 1698 et

175 1741 265 1826 paed.
279 1741 362 1805 1888
374 1737 414 1823 ⁰),
429 1760 498 1806 sero
522 1741 651 1824 quidem
668 1742 704 1804 in
718 1760 832 1804 manus
854 1759 941 1804 mess
963 1742 1114 1824 pervenit,
1136 1741 1192 1805 sed
1213 1746 1318 1806 11111111

176 1853 241 1913 tam
264 1854 399 1932 mature,
421 1855 457 1913 ut
478 1869 532 1932 ea,
554 1850 589 1913 in
612 1867 694 1932 quae
716 1854 747 1912 et
767 1849 844 1932 ipse·
856 1848 1040 1929 incideram,
1061 1848 1166 1914 delerc
1187 1867 1318 1932 possem

263 1957 302 2020 In
323 1960 474 2041 numeris,
497 1959 618 2022 utiam
640 1978 752 2041 supra,
782 1958 954 2022 editionem
974 1957 1248 2022 Weckleinianam
1270 1977 1318 2022 se-

177 2071 269 2130 cutus
291 2087 379 2146 sum,
403 2068 438 2129 111
461 2067 650 2130 coniecturis
673 2070 779 2129 autem
801 2066 881 2129 meis
904 2065 1100 2149 exponendis
1121 2084 1186 2128 non
1208 2084 1317 2130 omnes

176 2192 300 2258 semper
321 2175 472 2239 lectiones
506 2193 547 2237 ex
577 2174 749 2258 appendice
779 2173 849 2237 eius
878 2172 988 2236 afferre
1018 2173 1054 2235 111
1085 2171 1187 2236 officio
1218 2172 1315 2236 duxi:

176 2301 251 2346 nam
272 2283 406 2365 multae,
438 2300 518 2365 quae
545 2280 593 2344 ibi
614 2281 837 2362 inveniuntur,
869 2282 915 2345 its
945 2283 1140 2363 comparatae
1162 2285 1254 2363 sunt,
1282 2286 1318 2345 ut

176 2391 267 2456 aliter
289 2391 417 2454 omnino
439 2390 589 2474 redargui
614 2407 677 2453 non
706 2388 842 2473 possint,
872 2388 934 2452 nisi
962 2392 998 2452 ut
1018 2388 1086 2471 ipse
1108 2387 1318 2472 probabiliora

174 2499 321 2585 proferas.
364 2497 506 2579 Pindari,
527 2494 703 2580 Sophoclis,
724 2495 886 2580 Euripidis
908 2495 1012 2560 sicubi
1032 2494 1151 2560 mentio
1172 2495 1317 2560 facienda

174 2611 251 2689 erat,
272 2606 462 2670 Mommseni
483 2605 654 2670 editionem
685 2610 717 2669 et
738 2606 883 2688 quintam
903 2602 1061 2669 Dindorlii
1083 2603 1237 2687 allegavi,
1265 2604 1315 2685 ly·

172 2716 256 2780 ricus
278 2713 454 2779 seeundum
475 2713 600 2778 tertiam
621 2712 755 2797 Berglrii
777 2713 876 2777 attuli.

248 2979 276 3047 6)
295 2977 434 3045 Supplem.
456 2977 496 3042 16,
515 2991 542 3044 p.
561 2978 717 3045 nal-247,
736 2959 786 3031 sub
803 2976 899 3031 titulo:
926 2971 1035 3048 Kprrtad
1053 2975 1096 3028 acl
1114 2975 1314 3048 παλαιογραφικὰ

175 3070 209 3130 εἰς
226 3071 258 3123 τὰ
276 3069 370 3123 παλαιὰ
387 3064 516 3140 Αῑσχῦλου
538 3067 635 3140 σχόλια.
